date_,competitor,weight,price_personal,tg,price_per_gramm,discount_for_dash,url,price_case
2024-06-05,Sokolov,1.6,12990.0,БК КОЛЬЦА ОБРУЧ,8119.0,ШОК-ЦЕНА,https://sokolov.ru/jewelry-catalog/product/110260-3/,8 000 руб. - 9 000 руб.
2024-06-05,Sokolov,1.6,12990.0,БК КОЛЬЦА ОБРУЧ,8119.0,ШОК-ЦЕНА,https://sokolov.ru/jewelry-catalog/product/110260-3?reviews/,8 000 руб. - 9 000 руб.
2024-06-05,Sokolov,1.61,12990.0,БК КОЛЬЦА ОБРУЧ,8068.0,ШОК-ЦЕНА,https://sokolov.ru/jewelry-catalog/product/110260/,8 000 руб. - 9 000 руб.
2024-06-05,Sokolov,1.61,12990.0,БК КОЛЬЦА ОБРУЧ,8068.0,ШОК-ЦЕНА,https://sokolov.ru/jewelry-catalog/product/110260?reviews/,8 000 руб. - 9 000 руб.
2024-06-05,Sokolov,1.63,12990.0,БК КОЛЬЦА ОБРУЧ,7969.0,ШОК-ЦЕНА,https://sokolov.ru/jewelry-catalog/product/110261/,7 000 руб. - 8 000 руб.
2024-06-05,Sokolov,1.63,12990.0,БК КОЛЬЦА ОБРУЧ,7969.0,ШОК-ЦЕНА,https://sokolov.ru/jewelry-catalog/product/110261?reviews/,7 000 руб. - 8 000 руб.
2024-06-05,Sokolov,1.61,12990.0,БК КОЛЬЦА,8068.0,ШОК-ЦЕНА,https://sokolov.ru/jewelry-catalog/product/110262-3/,8 000 руб. - 9 000 руб.
2024-06-05,Sokolov,0.13,990.0,БК ПОДВЕС ДЕКОР,7615.0,ШОК-ЦЕНА,https://sokolov.ru/jewelry-catalog/product/036439/,7 000 руб. - 8 000 руб.
2024-06-05,Sokolov,0.13,990.0,БК ПОДВЕС ДЕКОР,7615.0,ШОК-ЦЕНА,https://sokolov.ru/jewelry-catalog/product/036439?reviews/,7 000 руб. - 8 000 руб.
2024-06-05,Sokolov,1.09,7990.0,БК КОЛЬЦА,7330.0,ШОК-ЦЕНА,https://sokolov.ru/jewelry-catalog/product/019424/,7 000 руб. - 8 000 руб.
2024-06-05,Sokolov,1.09,7990.0,БК КОЛЬЦА,7330.0,ШОК-ЦЕНА,https://sokolov.ru/jewelry-catalog/product/019424?reviews/,7 000 руб. - 8 000 руб.
2024-06-05,Sokolov,0.93,7990.0,БК СЕРЬГИ,8591.0,ШОК-ЦЕНА,https://sokolov.ru/jewelry-catalog/product/0200217/,8 000 руб. - 9 000 руб.
2024-06-05,Sokolov,0.93,7990.0,БК СЕРЬГИ,8591.0,ШОК-ЦЕНА,https://sokolov.ru/jewelry-catalog/product/0200217?reviews/,8 000 руб. - 9 000 руб.
2024-06-05,Sokolov,0.66,5490.0,БК СЕРЬГИ,8318.0,ШОК-ЦЕНА,https://sokolov.ru/jewelry-catalog/product/029432/,8 000 руб. - 9 000 руб.
2024-06-05,Sokolov,0.66,5490.0,БК СЕРЬГИ,8318.0,ШОК-ЦЕНА,https://sokolov.ru/jewelry-catalog/product/029432?reviews/,8 000 руб. - 9 000 руб.
2024-06-05,Sokolov,1.02,8490.0,БК СЕРЬГИ,8324.0,ШОК-ЦЕНА,https://sokolov.ru/jewelry-catalog/product/029805/,8 000 руб. - 9 000 руб.
2024-06-05,Sokolov,1.02,8490.0,БК СЕРЬГИ,8324.0,ШОК-ЦЕНА,https://sokolov.ru/jewelry-catalog/product/029805?reviews/,8 000 руб. - 9 000 руб.
2024-06-05,Sokolov,0.42,3490.0,БК ПОДВЕС ДЕКОР,8310.0,ШОК-ЦЕНА,https://sokolov.ru/jewelry-catalog/product/121498/,8 000 руб. - 9 000 руб.
2024-06-05,Sokolov,0.42,3490.0,БК ПОДВЕС ДЕКОР,8310.0,ШОК-ЦЕНА,https://sokolov.ru/jewelry-catalog/product/121498?reviews/,8 000 руб. - 9 000 руб.
2024-06-05,Sokolov,1.72,16695.0,БК КОЛЬЦА,9706.0,нет скидочного купона,https://sokolov.ru/jewelry-catalog/product/019254/,9 000 руб. - 10 000 руб.
2024-06-05,Sokolov,1.72,16695.0,БК КОЛЬЦА,9706.0,нет скидочного купона,https://sokolov.ru/jewelry-catalog/product/019254?reviews/,9 000 руб. - 10 000 руб.
2024-06-05,Sokolov,2.53,25200.0,БК СЕРЬГИ,9960.0,нет скидочного купона,https://sokolov.ru/jewelry-catalog/product/0200117/,9 000 руб. - 10 000 руб.
2024-06-05,Sokolov,2.53,25200.0,БК СЕРЬГИ,9960.0,нет скидочного купона,https://sokolov.ru/jewelry-catalog/product/0200117?reviews/,9 000 руб. - 10 000 руб.
2024-06-05,Sokolov,2.86,23436.0,БК КОЛЬЦА,8194.0,Дополнительная скидка по акции «Готовимся к лету!» ЕЩЁ -20%,https://sokolov.ru/jewelry-catalog/product/019417/,8 000 руб. - 9 000 руб.
2024-06-05,Sokolov,2.86,29295.0,БК КОЛЬЦА,10243.0,нет скидочного купона,https://sokolov.ru/jewelry-catalog/product/019417?reviews/,свыше 10 000 руб.
2024-06-05,Sokolov,2.75,27090.0,БК СЕРЬГИ,9851.0,нет скидочного купона,https://sokolov.ru/jewelry-catalog/product/0200292/,9 000 руб. - 10 000 руб.
2024-06-05,Sokolov,2.75,27090.0,БК СЕРЬГИ,9851.0,нет скидочного купона,https://sokolov.ru/jewelry-catalog/product/0200292?reviews/,9 000 руб. - 10 000 руб.
2024-06-05,Sokolov,3.15,26365.5,БК КОЛЬЦА,8370.0,Дополнительная скидка по акции «Готовимся к лету!» ЕЩЁ -10%,https://sokolov.ru/jewelry-catalog/product/019296/,8 000 руб. - 9 000 руб.
2024-06-05,Sokolov,3.15,29295.0,БК КОЛЬЦА,9300.0,нет скидочного купона,https://sokolov.ru/jewelry-catalog/product/019296?reviews/,9 000 руб. - 10 000 руб.
2024-06-05,Sokolov,2.48,22050.0,БК СЕРЬГИ,8891.0,нет скидочного купона,https://sokolov.ru/jewelry-catalog/product/0200165/,8 000 руб. - 9 000 руб.
2024-06-05,Sokolov,2.48,22050.0,БК СЕРЬГИ,8891.0,нет скидочного купона,https://sokolov.ru/jewelry-catalog/product/0200165?reviews/,8 000 руб. - 9 000 руб.
2024-06-05,Sokolov,2.72,21420.0,БК КОЛЬЦА,7875.0,Дополнительная скидка по акции «Готовимся к лету!» ЕЩЁ -20%,https://sokolov.ru/jewelry-catalog/product/019342/,7 000 руб. - 8 000 руб.
2024-06-05,Sokolov,2.72,26775.0,БК КОЛЬЦА,9844.0,нет скидочного купона,https://sokolov.ru/jewelry-catalog/product/019342?reviews/,9 000 руб. - 10 000 руб.
2024-06-05,Sokolov,2.55,22113.0,БК СЕРЬГИ,8672.0,Дополнительная скидка по акции «Готовимся к лету!» ЕЩЁ -10%,https://sokolov.ru/jewelry-catalog/product/0200213/,8 000 руб. - 9 000 руб.
2024-06-05,Sokolov,2.55,24570.0,БК СЕРЬГИ,9635.0,нет скидочного купона,https://sokolov.ru/jewelry-catalog/product/0200213?reviews/,9 000 руб. - 10 000 руб.
2024-06-05,Sokolov,2.24,18900.0,БК КОЛЬЦА,8438.0,нет скидочного купона,https://sokolov.ru/jewelry-catalog/product/019471/,8 000 руб. - 9 000 руб.
2024-06-05,Sokolov,2.24,18900.0,БК КОЛЬЦА,8438.0,нет скидочного купона,https://sokolov.ru/jewelry-catalog/product/019471?reviews/,8 000 руб. - 9 000 руб.
2024-06-05,Sokolov,1.32,13608.0,БК КОЛЬЦА,10309.0,Дополнительная скидка по акции «Готовимся к лету!» ЕЩЁ -10%,https://sokolov.ru/jewelry-catalog/product/019268/,свыше 10 000 руб.
2024-06-05,Sokolov,1.32,15120.0,БК КОЛЬЦА,11455.0,нет скидочного купона,https://sokolov.ru/jewelry-catalog/product/019268?reviews/,свыше 10 000 руб.
2024-06-05,Sokolov,1.73,15309.0,БК СЕРЬГИ,8849.0,Дополнительная скидка по акции «Готовимся к лету!» ЕЩЁ -10%,https://sokolov.ru/jewelry-catalog/product/0200129/,8 000 руб. - 9 000 руб.
2024-06-05,Sokolov,1.73,17010.0,БК СЕРЬГИ,9832.0,нет скидочного купона,https://sokolov.ru/jewelry-catalog/product/0200129?reviews/,9 000 руб. - 10 000 руб.
2024-06-05,Sokolov,10.75,94500.0,ЦБ БРАСЛЕТЫ,8791.0,Дополнительная скидка по акции «Готовимся к лету!» ЕЩЁ -20%,https://sokolov.ru/jewelry-catalog/product/051465/,8 000 руб. - 9 000 руб.
2024-06-05,Sokolov,10.75,118125.0,ЦБ БРАСЛЕТЫ,10988.0,нет скидочного купона,https://sokolov.ru/jewelry-catalog/product/051465?reviews/,свыше 10 000 руб.
2024-06-05,Sokolov,3.52,31185.0,ЦБ БРАСЛЕТЫ,8859.0,Дополнительная скидка по акции «Готовимся к лету!» ЕЩЁ -10%,https://sokolov.ru/jewelry-catalog/product/051437/,8 000 руб. - 9 000 руб.
2024-06-05,Sokolov,3.52,34650.0,ЦБ БРАСЛЕТЫ,9844.0,нет скидочного купона,https://sokolov.ru/jewelry-catalog/product/051437?reviews/,9 000 руб. - 10 000 руб.
2024-06-05,Sokolov,4.66,45360.0,ЦБ БРАСЛЕТЫ,9734.0,Дополнительная скидка по акции «Готовимся к лету!» ЕЩЁ -10%,https://sokolov.ru/jewelry-catalog/product/051460/,9 000 руб. - 10 000 руб.
2024-06-05,Sokolov,4.66,50400.0,ЦБ БРАСЛЕТЫ,10815.0,нет скидочного купона,https://sokolov.ru/jewelry-catalog/product/051460?reviews/,свыше 10 000 руб.
2024-06-05,Sokolov,4.35,35437.5,ЦБ БРАСЛЕТЫ,8147.0,Дополнительная скидка по акции «Готовимся к лету!» ЕЩЁ -10%,https://sokolov.ru/jewelry-catalog/product/051444/,8 000 руб. - 9 000 руб.
2024-06-05,Sokolov,4.35,39375.0,ЦБ БРАСЛЕТЫ,9052.0,нет скидочного купона,https://sokolov.ru/jewelry-catalog/product/051444?reviews/,9 000 руб. - 10 000 руб.
2024-06-05,Sokolov,0.32,3402.0,БК ПОДВЕС ДЕКОР,10631.0,Дополнительная скидка по акции «Готовимся к лету!» ЕЩЁ -10%,https://sokolov.ru/jewelry-catalog/product/034923/,свыше 10 000 руб.
2024-06-05,Sokolov,0.32,3780.0,БК ПОДВЕС ДЕКОР,11812.0,нет скидочного купона,https://sokolov.ru/jewelry-catalog/product/034923?reviews/,свыше 10 000 руб.
2024-06-05,Sokolov,0.93,8221.5,БК ПОДВЕС ДЕКОР,8840.0,Дополнительная скидка по акции «Готовимся к лету!» ЕЩЁ -10%,https://sokolov.ru/jewelry-catalog/product/036558/,8 000 руб. - 9 000 руб.
2024-06-05,Sokolov,0.93,9135.0,БК ПОДВЕС ДЕКОР,9823.0,нет скидочного купона,https://sokolov.ru/jewelry-catalog/product/036558?reviews/,9 000 руб. - 10 000 руб.
2024-06-05,Sokolov,0.53,5355.0,БК ПОДВЕС ДЕКОР,10104.0,нет скидочного купона,https://sokolov.ru/jewelry-catalog/product/036556/,свыше 10 000 руб.
2024-06-05,Sokolov,0.53,5355.0,БК ПОДВЕС ДЕКОР,10104.0,нет скидочного купона,https://sokolov.ru/jewelry-catalog/product/036556?reviews/,свыше 10 000 руб.
2024-06-05,Sokolov,0.25,2674.0,БК ПОДВЕС ДЕКОР,10696.0,нет скидочного купона,https://sokolov.ru/jewelry-catalog/product/036288/,свыше 10 000 руб.
2024-06-05,Sokolov,0.25,2674.0,БК ПОДВЕС ДЕКОР,10696.0,нет скидочного купона,https://sokolov.ru/jewelry-catalog/product/036288?reviews/,свыше 10 000 руб.
2024-06-05,Sokolov,1.05,9072.0,БК СЕРЬГИ,8640.0,Дополнительная скидка по акции «Готовимся к лету!» ЕЩЁ -10%,https://sokolov.ru/jewelry-catalog/product/027410/,8 000 руб. - 9 000 руб.
2024-06-05,Sokolov,1.05,10080.0,БК СЕРЬГИ,9600.0,нет скидочного купона,https://sokolov.ru/jewelry-catalog/product/027410?reviews/,9 000 руб. - 10 000 руб.
2024-06-05,Sokolov,1.27,10206.0,БК СЕРЬГИ,8036.0,Дополнительная скидка по акции «Готовимся к лету!» ЕЩЁ -10%,https://sokolov.ru/jewelry-catalog/product/0200038/,8 000 руб. - 9 000 руб.
2024-06-05,Sokolov,1.27,11340.0,БК СЕРЬГИ,8929.0,нет скидочного купона,https://sokolov.ru/jewelry-catalog/product/0200038?reviews/,8 000 руб. - 9 000 руб.
2024-06-05,Sokolov,0.82,8505.0,БК СЕРЬГИ,10372.0,Дополнительная скидка по акции «Готовимся к лету!» ЕЩЁ -10%,https://sokolov.ru/jewelry-catalog/product/0200144/,свыше 10 000 руб.
2024-06-05,Sokolov,0.82,9450.0,БК СЕРЬГИ,11524.0,нет скидочного купона,https://sokolov.ru/jewelry-catalog/product/0200144?reviews/,свыше 10 000 руб.
2024-06-05,Sokolov,1.12,10206.0,БК СЕРЬГИ,9112.0,Дополнительная скидка по акции «Готовимся к лету!» ЕЩЁ -10%,https://sokolov.ru/jewelry-catalog/product/0200221/,9 000 руб. - 10 000 руб.
2024-06-05,Sokolov,1.12,11340.0,БК СЕРЬГИ,10125.0,нет скидочного купона,https://sokolov.ru/jewelry-catalog/product/0200221?reviews/,свыше 10 000 руб.
2024-06-05,Sokolov,1.19,8990.0,БК КОЛЬЦА ОБРУЧ,7555.0,ШОК-ЦЕНА,https://sokolov.ru/jewelry-catalog/product/110032/,7 000 руб. - 8 000 руб.
2024-06-05,Sokolov,1.19,8990.0,БК КОЛЬЦА ОБРУЧ,7555.0,ШОК-ЦЕНА,https://sokolov.ru/jewelry-catalog/product/110032?reviews/,7 000 руб. - 8 000 руб.
2024-06-05,Sokolov,2.35,18396.0,БК КОЛЬЦА ОБРУЧ,7828.0,Дополнительная скидка по акции «Готовимся к лету!» ЕЩЁ -20%,https://sokolov.ru/jewelry-catalog/product/110030/,7 000 руб. - 8 000 руб.
2024-06-05,Sokolov,2.35,22995.0,БК КОЛЬЦА ОБРУЧ,9785.0,нет скидочного купона,https://sokolov.ru/jewelry-catalog/product/110030?reviews/,9 000 руб. - 10 000 руб.
2024-06-05,Sokolov,1.23,10489.5,БК КОЛЬЦА ОБРУЧ,8528.0,Дополнительная скидка по акции «Готовимся к лету!» ЕЩЁ -10%,https://sokolov.ru/jewelry-catalog/product/110211/,8 000 руб. - 9 000 руб.
2024-06-05,Sokolov,1.23,11655.0,БК КОЛЬЦА ОБРУЧ,9476.0,нет скидочного купона,https://sokolov.ru/jewelry-catalog/product/110211?reviews/,9 000 руб. - 10 000 руб.
2024-06-05,Sokolov,2.49,21262.5,БК КОЛЬЦА ОБРУЧ,8539.0,Дополнительная скидка по акции «Готовимся к лету!» ЕЩЁ -10%,https://sokolov.ru/jewelry-catalog/product/110200/,8 000 руб. - 9 000 руб.
2024-06-05,Sokolov,2.49,23625.0,БК КОЛЬЦА ОБРУЧ,9488.0,нет скидочного купона,https://sokolov.ru/jewelry-catalog/product/110200?reviews/,9 000 руб. - 10 000 руб.
2024-06-05,Sokolov,2.64,24097.5,БК КОЛЬЦА ОБРУЧ,9128.0,Дополнительная скидка по акции «Готовимся к лету!» ЕЩЁ -10%,https://sokolov.ru/jewelry-catalog/product/111093-01/,9 000 руб. - 10 000 руб.
2024-06-05,Sokolov,2.64,26775.0,БК КОЛЬЦА ОБРУЧ,10142.0,нет скидочного купона,https://sokolov.ru/jewelry-catalog/product/111093-01?reviews/,свыше 10 000 руб.
2024-06-05,Sokolov,3.21,31185.0,БК КОЛЬЦА ОБРУЧ,9715.0,Дополнительная скидка по акции «Готовимся к лету!» ЕЩЁ -10%,https://sokolov.ru/jewelry-catalog/product/111094-01/,9 000 руб. - 10 000 руб.
2024-06-05,Sokolov,3.21,34650.0,БК КОЛЬЦА ОБРУЧ,10794.0,нет скидочного купона,https://sokolov.ru/jewelry-catalog/product/111094-01?reviews/,свыше 10 000 руб.
2024-06-05,Sokolov,2.63,23530.5,БК КОЛЬЦА ОБРУЧ,8947.0,Дополнительная скидка по акции «Готовимся к лету!» ЕЩЁ -10%,https://sokolov.ru/jewelry-catalog/product/112096-01/,8 000 руб. - 9 000 руб.
2024-06-05,Sokolov,2.63,26145.0,БК КОЛЬЦА ОБРУЧ,9941.0,нет скидочного купона,https://sokolov.ru/jewelry-catalog/product/112096-01?reviews/,9 000 руб. - 10 000 руб.
2024-06-05,Sokolov,3.29,27720.0,БК КОЛЬЦА ОБРУЧ,8426.0,Дополнительная скидка по акции «Готовимся к лету!» ЕЩЁ -20%,https://sokolov.ru/jewelry-catalog/product/112097-01/,8 000 руб. - 9 000 руб.
2024-06-05,Sokolov,3.29,34650.0,БК КОЛЬЦА ОБРУЧ,10532.0,нет скидочного купона,https://sokolov.ru/jewelry-catalog/product/112097-01?reviews/,свыше 10 000 руб.
2024-06-05,Sokolov,2.49,19845.0,БК КОЛЬЦА ОБРУЧ,7970.0,Дополнительная скидка по акции «Готовимся к лету!» ЕЩЁ -10%,https://sokolov.ru/jewelry-catalog/product/110201/,7 000 руб. - 8 000 руб.
2024-06-05,Sokolov,2.49,22050.0,БК КОЛЬЦА ОБРУЧ,8855.0,нет скидочного купона,https://sokolov.ru/jewelry-catalog/product/110201?reviews/,8 000 руб. - 9 000 руб.
2024-06-05,Sokolov,1.78,15025.5,БК КОЛЬЦА ОБРУЧ,8441.0,Дополнительная скидка по акции «Готовимся к лету!» ЕЩЁ -10%,https://sokolov.ru/jewelry-catalog/product/110063/,8 000 руб. - 9 000 руб.
2024-06-05,Sokolov,1.78,16695.0,БК КОЛЬЦА ОБРУЧ,9379.0,нет скидочного купона,https://sokolov.ru/jewelry-catalog/product/110063?reviews/,9 000 руб. - 10 000 руб.
2024-06-05,Sokolov,2.56,19656.0,БК КОЛЬЦА ОБРУЧ,7678.0,Дополнительная скидка по акции «Готовимся к лету!» ЕЩЁ -20%,https://sokolov.ru/jewelry-catalog/product/112211/,7 000 руб. - 8 000 руб.
2024-06-05,Sokolov,2.56,24570.0,БК КОЛЬЦА ОБРУЧ,9598.0,нет скидочного купона,https://sokolov.ru/jewelry-catalog/product/112211?reviews/,9 000 руб. - 10 000 руб.
2024-06-05,Sokolov,2.0,17010.0,БК КОЛЬЦА ОБРУЧ,8505.0,Дополнительная скидка по акции «Готовимся к лету!» ЕЩЁ -10%,https://sokolov.ru/jewelry-catalog/product/110062/,8 000 руб. - 9 000 руб.
2024-06-05,Sokolov,2.0,18900.0,БК КОЛЬЦА ОБРУЧ,9450.0,нет скидочного купона,https://sokolov.ru/jewelry-catalog/product/110062?reviews/,9 000 руб. - 10 000 руб.
2024-06-05,Sokolov,1.45,12096.0,БК КОЛЬЦА ОБРУЧ,8342.0,Дополнительная скидка по акции «Готовимся к лету!» ЕЩЁ -20%,https://sokolov.ru/jewelry-catalog/product/110188/,8 000 руб. - 9 000 руб.
2024-06-05,Sokolov,1.45,15120.0,БК КОЛЬЦА ОБРУЧ,10428.0,нет скидочного купона,https://sokolov.ru/jewelry-catalog/product/110188?reviews/,свыше 10 000 руб.
2024-06-05,Sokolov,1.33,11970.0,БК КОЛЬЦА ОБРУЧ,9000.0,нет скидочного купона,https://sokolov.ru/jewelry-catalog/product/110187/,8 000 руб. - 9 000 руб.
2024-06-05,Sokolov,1.33,11970.0,БК КОЛЬЦА ОБРУЧ,9000.0,нет скидочного купона,https://sokolov.ru/jewelry-catalog/product/110187?reviews/,8 000 руб. - 9 000 руб.
2024-06-05,Sokolov,2.92,20916.0,БК КОЛЬЦА ОБРУЧ,7163.0,Дополнительная скидка по акции «Готовимся к лету!» ЕЩЁ -20%,https://sokolov.ru/jewelry-catalog/product/110029/,7 000 руб. - 8 000 руб.
2024-06-05,Sokolov,2.92,26145.0,БК КОЛЬЦА ОБРУЧ,8954.0,нет скидочного купона,https://sokolov.ru/jewelry-catalog/product/110029?reviews/,8 000 руб. - 9 000 руб.
2024-06-05,Sokolov,2.15,16695.0,БК КОЛЬЦА ОБРУЧ,7765.0,нет скидочного купона,https://sokolov.ru/jewelry-catalog/product/110224/,7 000 руб. - 8 000 руб.
2024-06-05,Sokolov,2.15,16695.0,БК КОЛЬЦА ОБРУЧ,7765.0,нет скидочного купона,https://sokolov.ru/jewelry-catalog/product/110224?reviews/,7 000 руб. - 8 000 руб.
2024-06-05,Sokolov,1.5,11970.0,БК КОЛЬЦА ОБРУЧ,7980.0,нет скидочного купона,https://sokolov.ru/jewelry-catalog/product/110183/,7 000 руб. - 8 000 руб.
2024-06-05,Sokolov,1.5,11970.0,БК КОЛЬЦА ОБРУЧ,7980.0,нет скидочного купона,https://sokolov.ru/jewelry-catalog/product/110183?reviews/,7 000 руб. - 8 000 руб.
2024-06-05,Sokolov,1.8,15025.5,БК КОЛЬЦА ОБРУЧ,8348.0,Дополнительная скидка по акции «Готовимся к лету!» ЕЩЁ -10%,https://sokolov.ru/jewelry-catalog/product/110031/,8 000 руб. - 9 000 руб.
2024-06-05,Sokolov,1.8,16695.0,БК КОЛЬЦА ОБРУЧ,9275.0,нет скидочного купона,https://sokolov.ru/jewelry-catalog/product/110031?reviews/,9 000 руб. - 10 000 руб.
2024-06-05,Sokolov,9.71,73990.0,ЦБ ЦЕПИ,7620.0,ШОК-ЦЕНА,https://sokolov.ru/jewelry-catalog/product/581070502/,7 000 руб. - 8 000 руб.
2024-06-05,Sokolov,9.71,73990.0,ЦБ ЦЕПИ,7620.0,ШОК-ЦЕНА,https://sokolov.ru/jewelry-catalog/product/581070502?reviews/,7 000 руб. - 8 000 руб.
2024-06-05,Sokolov,14.04,104990.0,ЦБ ЦЕПИ,7478.0,ШОК-ЦЕНА,https://sokolov.ru/jewelry-catalog/product/582011006/,7 000 руб. - 8 000 руб.
2024-06-05,Sokolov,14.04,104990.0,ЦБ ЦЕПИ,7478.0,ШОК-ЦЕНА,https://sokolov.ru/jewelry-catalog/product/582011006?reviews/,7 000 руб. - 8 000 руб.
2024-06-05,Sokolov,6.51,49990.0,ЦБ ЦЕПИ,7679.0,ШОК-ЦЕНА,https://sokolov.ru/jewelry-catalog/product/582040802/,7 000 руб. - 8 000 руб.
2024-06-05,Sokolov,6.51,49990.0,ЦБ ЦЕПИ,7679.0,ШОК-ЦЕНА,https://sokolov.ru/jewelry-catalog/product/582040802?reviews/,7 000 руб. - 8 000 руб.
2024-06-05,Sokolov,7.67,56990.0,ЦБ ЦЕПИ,7430.0,ШОК-ЦЕНА,https://sokolov.ru/jewelry-catalog/product/582100602/,7 000 руб. - 8 000 руб.
2024-06-05,Sokolov,7.67,56990.0,ЦБ ЦЕПИ,7430.0,ШОК-ЦЕНА,https://sokolov.ru/jewelry-catalog/product/582100602?reviews/,7 000 руб. - 8 000 руб.
2024-06-05,Sokolov,2.42,26145.0,ЦБ ЦЕПИ,10804.0,нет скидочного купона,https://sokolov.ru/jewelry-catalog/product/582040502/,свыше 10 000 руб.
2024-06-05,Sokolov,2.42,26145.0,ЦБ ЦЕПИ,10804.0,нет скидочного купона,https://sokolov.ru/jewelry-catalog/product/582040502?reviews/,свыше 10 000 руб.
2024-06-05,Sokolov,3.93,42525.0,ЦБ ЦЕПИ,10821.0,нет скидочного купона,https://sokolov.ru/jewelry-catalog/product/582020502/,свыше 10 000 руб.
2024-06-05,Sokolov,3.93,42525.0,ЦБ ЦЕПИ,10821.0,нет скидочного купона,https://sokolov.ru/jewelry-catalog/product/582020502?reviews/,свыше 10 000 руб.
2024-06-05,Sokolov,2.82,26460.0,ЦБ ЦЕПИ,9383.0,Дополнительная скидка по акции «Готовимся к лету!» ЕЩЁ -20%,https://sokolov.ru/jewelry-catalog/product/581060302/,9 000 руб. - 10 000 руб.
2024-06-05,Sokolov,2.82,33075.0,ЦБ ЦЕПИ,11729.0,нет скидочного купона,https://sokolov.ru/jewelry-catalog/product/581060302?reviews/,свыше 10 000 руб.
2024-06-05,Sokolov,7.71,70875.0,ЦБ ЦЕПИ,9193.0,Дополнительная скидка по акции «Готовимся к лету!» ЕЩЁ -10%,https://sokolov.ru/jewelry-catalog/product/582070602/,9 000 руб. - 10 000 руб.
2024-06-05,Sokolov,7.71,78750.0,ЦБ ЦЕПИ,10214.0,нет скидочного купона,https://sokolov.ru/jewelry-catalog/product/582070602?reviews/,свыше 10 000 руб.
2024-06-05,Sokolov,3.89,35437.5,ЦБ ЦЕПИ,9110.0,Дополнительная скидка по акции «Готовимся к лету!» ЕЩЁ -10%,https://sokolov.ru/jewelry-catalog/product/582010506/,9 000 руб. - 10 000 руб.
2024-06-05,Sokolov,3.89,39375.0,ЦБ ЦЕПИ,10122.0,нет скидочного купона,https://sokolov.ru/jewelry-catalog/product/582010506?reviews/,свыше 10 000 руб.
2024-06-05,Sokolov,2.36,23625.0,ЦБ ЦЕПИ,10011.0,нет скидочного купона,https://sokolov.ru/jewelry-catalog/product/582030500/,свыше 10 000 руб.
2024-06-05,Sokolov,2.36,23625.0,ЦБ ЦЕПИ,10011.0,нет скидочного купона,https://sokolov.ru/jewelry-catalog/product/582030500?reviews/,свыше 10 000 руб.
2024-06-05,Sokolov,2.71,30870.0,ЦБ ЦЕПИ,11391.0,нет скидочного купона,https://sokolov.ru/jewelry-catalog/product/581080258/,свыше 10 000 руб.
2024-06-05,Sokolov,2.71,30870.0,ЦБ ЦЕПИ,11391.0,нет скидочного купона,https://sokolov.ru/jewelry-catalog/product/581080258?reviews/,свыше 10 000 руб.
2024-06-05,Sokolov,1.19,11340.0,ЦБ ЦЕПИ,9529.0,Дополнительная скидка по акции «Готовимся к лету!» ЕЩЁ -20%,https://sokolov.ru/jewelry-catalog/product/581030258/,9 000 руб. - 10 000 руб.
2024-06-05,Sokolov,1.19,14175.0,ЦБ ЦЕПИ,11912.0,нет скидочного купона,https://sokolov.ru/jewelry-catalog/product/581030258?reviews/,свыше 10 000 руб.
2024-06-05,Sokolov,3.36,31185.0,ЦБ ЦЕПИ,9281.0,Дополнительная скидка по акции «Готовимся к лету!» ЕЩЁ -10%,https://sokolov.ru/jewelry-catalog/product/582070402/,9 000 руб. - 10 000 руб.
2024-06-05,Sokolov,3.36,34650.0,ЦБ ЦЕПИ,10312.0,нет скидочного купона,https://sokolov.ru/jewelry-catalog/product/582070402?reviews/,свыше 10 000 руб.
2024-06-05,Sokolov,9.51,75600.0,ЦБ ЦЕПИ,7950.0,нет скидочного купона,https://sokolov.ru/jewelry-catalog/product/582010806/,7 000 руб. - 8 000 руб.
2024-06-05,Sokolov,9.51,75600.0,ЦБ ЦЕПИ,7950.0,нет скидочного купона,https://sokolov.ru/jewelry-catalog/product/582010806?reviews/,7 000 руб. - 8 000 руб.
2024-06-05,Sokolov,5.61,55125.0,ЦБ ЦЕПИ,9826.0,нет скидочного купона,https://sokolov.ru/jewelry-catalog/product/582020602/,9 000 руб. - 10 000 руб.
2024-06-05,Sokolov,5.61,55125.0,ЦБ ЦЕПИ,9826.0,нет скидочного купона,https://sokolov.ru/jewelry-catalog/product/582020602?reviews/,9 000 руб. - 10 000 руб.
2024-06-05,Sokolov,3.72,36855.0,ЦБ ЦЕПИ,9907.0,Дополнительная скидка по акции «Готовимся к лету!» ЕЩЁ -10%,https://sokolov.ru/jewelry-catalog/product/581080308/,9 000 руб. - 10 000 руб.
2024-06-05,Sokolov,3.72,40950.0,ЦБ ЦЕПИ,11008.0,нет скидочного купона,https://sokolov.ru/jewelry-catalog/product/581080308?reviews/,свыше 10 000 руб.
2024-06-05,Sokolov,1.56,15120.0,ЦБ ЦЕПИ,9692.0,Дополнительная скидка по акции «Готовимся к лету!» ЕЩЁ -20%,https://sokolov.ru/jewelry-catalog/product/581040252/,9 000 руб. - 10 000 руб.
2024-06-05,Sokolov,1.56,18900.0,ЦБ ЦЕПИ,12115.0,нет скидочного купона,https://sokolov.ru/jewelry-catalog/product/581040252?reviews/,свыше 10 000 руб.
2024-06-05,Sokolov,5.87,48825.0,ЦБ ЦЕПИ,8318.0,нет скидочного купона,https://sokolov.ru/jewelry-catalog/product/582010606/,8 000 руб. - 9 000 руб.
2024-06-05,Sokolov,5.87,48825.0,ЦБ ЦЕПИ,8318.0,нет скидочного купона,https://sokolov.ru/jewelry-catalog/product/582010606?reviews/,8 000 руб. - 9 000 руб.
2024-06-05,Sokolov,2.85,29925.0,ЦБ ЦЕПИ,10500.0,нет скидочного купона,https://sokolov.ru/jewelry-catalog/product/581040352/,свыше 10 000 руб.
2024-06-05,Sokolov,2.85,29925.0,ЦБ ЦЕПИ,10500.0,нет скидочного купона,https://sokolov.ru/jewelry-catalog/product/581040352?reviews/,свыше 10 000 руб.
2024-06-05,Sokolov,2.04,22050.0,ЦБ ЦЕПИ,10809.0,нет скидочного купона,https://sokolov.ru/jewelry-catalog/product/582030508/,свыше 10 000 руб.
2024-06-05,Sokolov,2.04,22050.0,ЦБ ЦЕПИ,10809.0,нет скидочного купона,https://sokolov.ru/jewelry-catalog/product/582030508?reviews/,свыше 10 000 руб.
2024-06-05,Sokolov,2.85,25200.0,ЦБ ЦЕПИ,8842.0,нет скидочного купона,https://sokolov.ru/jewelry-catalog/product/581050302/,8 000 руб. - 9 000 руб.
2024-06-05,Sokolov,2.85,25200.0,ЦБ ЦЕПИ,8842.0,нет скидочного купона,https://sokolov.ru/jewelry-catalog/product/581050302?reviews/,8 000 руб. - 9 000 руб.
2024-06-05,Sokolov,2.31,22680.0,ЦБ ЦЕПИ,9818.0,Дополнительная скидка по акции «Готовимся к лету!» ЕЩЁ -10%,https://sokolov.ru/jewelry-catalog/product/582020402/,9 000 руб. - 10 000 руб.
2024-06-05,Sokolov,0.28,3257.1000000000004,БК ПОДВЕС ДЕКОР,11632.0,Дополнительная скидка по акции «Готовимся к лету!» ЕЩЁ -10%,https://sokolov.ru/jewelry-catalog/product/034683/,свыше 10 000 руб.
2024-06-05,Sokolov,0.83,8505.0,БК ПОДВЕС ДЕКОР,10247.0,Дополнительная скидка по акции «Готовимся к лету!» ЕЩЁ -10%,https://sokolov.ru/jewelry-catalog/product/035031/,свыше 10 000 руб.
2024-06-05,Sokolov,0.25,3118.5,БК ПОДВЕС ДЕКОР,12474.0,Дополнительная скидка по акции «Готовимся к лету!» ЕЩЁ -10%,https://sokolov.ru/jewelry-catalog/product/036192/,свыше 10 000 руб.
2024-06-05,Sokolov,0.22,2835.0,БК ПОДВЕС ДЕКОР,12886.0,Дополнительная скидка по акции «Готовимся к лету!» ЕЩЁ -10%,https://sokolov.ru/jewelry-catalog/product/034667/,свыше 10 000 руб.
2024-06-05,Sokolov,3.13,31185.0,БК КОЛЬЦА ОБРУЧ,9963.0,нет скидочного купона,https://sokolov.ru/jewelry-catalog/product/114110-01/,9 000 руб. - 10 000 руб.
2024-06-05,Sokolov,3.13,31500.0,БК КОЛЬЦА ОБРУЧ,10064.0,нет скидочного купона,https://sokolov.ru/jewelry-catalog/product/114120-01/,свыше 10 000 руб.
2024-06-05,Sokolov,2.26,19845.0,БК КОЛЬЦА ОБРУЧ,8781.0,Дополнительная скидка по акции «Готовимся к лету!» ЕЩЁ -10%,https://sokolov.ru/jewelry-catalog/product/110202/,8 000 руб. - 9 000 руб.
2024-06-05,Sokolov,2.23,18711.0,БК КОЛЬЦА ОБРУЧ,8391.0,Дополнительная скидка по акции «Готовимся к лету!» ЕЩЁ -10%,https://sokolov.ru/jewelry-catalog/product/110156/,8 000 руб. - 9 000 руб.
2024-06-05,Sokolov,3.54,29610.0,БК КОЛЬЦА ОБРУЧ,8364.0,нет скидочного купона,https://sokolov.ru/jewelry-catalog/product/110238/,8 000 руб. - 9 000 руб.
2024-06-05,Sokolov,3.54,26775.0,БК КОЛЬЦА ОБРУЧ,7564.0,нет скидочного купона,https://sokolov.ru/jewelry-catalog/product/110239-3/,7 000 руб. - 8 000 руб.
2024-06-05,Sokolov,2.59,22113.0,БК КОЛЬЦА ОБРУЧ,8538.0,Дополнительная скидка по акции «Готовимся к лету!» ЕЩЁ -10%,https://sokolov.ru/jewelry-catalog/product/111208/,8 000 руб. - 9 000 руб.
2024-06-05,Sokolov,3.08,26145.0,БК КОЛЬЦА ОБРУЧ,8489.0,нет скидочного купона,https://sokolov.ru/jewelry-catalog/product/110225/,8 000 руб. - 9 000 руб.
2024-06-05,Sokolov,1.62,15750.0,БК КОЛЬЦА ОБРУЧ,9722.0,нет скидочного купона,https://sokolov.ru/jewelry-catalog/product/111227/,9 000 руб. - 10 000 руб.
2024-06-05,Sokolov,3.65,30870.0,БК КОЛЬЦА ОБРУЧ,8458.0,нет скидочного купона,https://sokolov.ru/jewelry-catalog/product/110218/,8 000 руб. - 9 000 руб.
2024-06-05,Sokolov,3.7,30870.0,БК КОЛЬЦА ОБРУЧ,8343.0,нет скидочного купона,https://sokolov.ru/jewelry-catalog/product/110219/,8 000 руб. - 9 000 руб.
2024-06-05,Sokolov,2.41,24570.0,БК КОЛЬЦА ОБРУЧ,10195.0,нет скидочного купона,https://sokolov.ru/jewelry-catalog/product/112010-01/,свыше 10 000 руб.
2024-06-05,Sokolov,3.11,26145.0,БК КОЛЬЦА ОБРУЧ,8407.0,нет скидочного купона,https://sokolov.ru/jewelry-catalog/product/110230/,8 000 руб. - 9 000 руб.
2024-06-05,Sokolov,2.51,18900.0,БК КОЛЬЦА ОБРУЧ,7530.0,нет скидочного купона,https://sokolov.ru/jewelry-catalog/product/110232/,7 000 руб. - 8 000 руб.
2024-06-05,Sokolov,3.2,27090.0,БК КОЛЬЦА ОБРУЧ,8466.0,нет скидочного купона,https://sokolov.ru/jewelry-catalog/product/110160/,8 000 руб. - 9 000 руб.
2024-06-05,Sokolov,3.13,23625.0,БК КОЛЬЦА ОБРУЧ,7548.0,нет скидочного купона,https://sokolov.ru/jewelry-catalog/product/110116/,7 000 руб. - 8 000 руб.
2024-06-05,Sokolov,3.47,29295.0,БК КОЛЬЦА ОБРУЧ,8442.0,нет скидочного купона,https://sokolov.ru/jewelry-catalog/product/110247-3/,8 000 руб. - 9 000 руб.
2024-06-05,Sokolov,3.53,22050.0,БК КОЛЬЦА ОБРУЧ,6246.0,нет скидочного купона,https://sokolov.ru/jewelry-catalog/product/110247/,6 000 руб. - 6 500 руб.
2024-06-05,Sokolov,2.51,19845.0,БК КОЛЬЦА ОБРУЧ,7906.0,нет скидочного купона,https://sokolov.ru/jewelry-catalog/product/110248-3/,7 000 руб. - 8 000 руб.
2024-06-05,Sokolov,2.62,15750.0,БК КОЛЬЦА ОБРУЧ,6011.0,нет скидочного купона,https://sokolov.ru/jewelry-catalog/product/110248/,6 000 руб. - 6 500 руб.
2024-06-05,Sokolov,2.86,22050.0,БК КОЛЬЦА ОБРУЧ,7710.0,нет скидочного купона,https://sokolov.ru/jewelry-catalog/product/110208/,7 000 руб. - 8 000 руб.
2024-06-05,Sokolov,3.47,28350.0,БК КОЛЬЦА ОБРУЧ,8170.0,нет скидочного купона,https://sokolov.ru/jewelry-catalog/product/110239/,8 000 руб. - 9 000 руб.
2024-06-05,Sokolov,2.55,23940.0,ЦБ ЦЕПИ,9388.0,Дополнительная скидка по акции «Готовимся к лету!» ЕЩЁ -20%,https://sokolov.ru/jewelry-catalog/product/582010406/,9 000 руб. - 10 000 руб.
2024-06-05,Sokolov,3.62,34020.0,ЦБ ЦЕПИ,9398.0,Дополнительная скидка по акции «Готовимся к лету!» ЕЩЁ -20%,https://sokolov.ru/jewelry-catalog/product/581040402/,9 000 руб. - 10 000 руб.
2024-06-05,Sokolov,2.94,31500.0,ЦБ ЦЕПИ,10714.0,нет скидочного купона,https://sokolov.ru/jewelry-catalog/product/581110300/,свыше 10 000 руб.
2024-06-05,Sokolov,2.13,22995.0,ЦБ ЦЕПИ,10796.0,нет скидочного купона,https://sokolov.ru/jewelry-catalog/product/581040302/,свыше 10 000 руб.
2024-06-05,Sokolov,2.11,23625.0,ЦБ ЦЕПИ,11197.0,нет скидочного купона,https://sokolov.ru/jewelry-catalog/product/581010252/,свыше 10 000 руб.
2024-06-05,Sokolov,3.48,34650.0,ЦБ ЦЕПИ,9957.0,нет скидочного купона,https://sokolov.ru/jewelry-catalog/product/582050502/,9 000 руб. - 10 000 руб.
2024-06-05,Sokolov,2.71,28350.0,ЦБ ЦЕПИ,10461.0,нет скидочного купона,https://sokolov.ru/jewelry-catalog/product/581010302/,свыше 10 000 руб.
2024-06-05,Sokolov,5.11,44100.0,ЦБ ЦЕПИ,8630.0,нет скидочного купона,https://sokolov.ru/jewelry-catalog/product/582100502/,8 000 руб. - 9 000 руб.
2024-06-05,Sokolov,2.88,26145.0,ЦБ ЦЕПИ,9078.0,нет скидочного купона,https://sokolov.ru/jewelry-catalog/product/581030408/,9 000 руб. - 10 000 руб.
2024-06-05,Sokolov,3.85,37800.0,ЦБ ЦЕПИ,9818.0,нет скидочного купона,https://sokolov.ru/jewelry-catalog/product/581020352/,9 000 руб. - 10 000 руб.
2024-06-05,Sokolov,9.44,75600.0,ЦБ ЦЕПИ,8008.0,нет скидочного купона,https://sokolov.ru/jewelry-catalog/product/582100702/,8 000 руб. - 9 000 руб.
2024-06-05,Sokolov,19.82,163800.0,ЦБ ЦЕПИ,8264.0,нет скидочного купона,https://sokolov.ru/jewelry-catalog/product/581070702/,8 000 руб. - 9 000 руб.
2024-06-05,Sokolov,5.15,45675.0,ЦБ ЦЕПИ,8869.0,нет скидочного купона,https://sokolov.ru/jewelry-catalog/product/582030808/,8 000 руб. - 9 000 руб.
2024-06-05,Sokolov,9.1,80325.0,ЦБ ЦЕПИ,8827.0,нет скидочного купона,https://sokolov.ru/jewelry-catalog/product/581070452/,8 000 руб. - 9 000 руб.
2024-06-05,Sokolov,4.12,36225.0,ЦБ ЦЕПИ,8792.0,нет скидочного купона,https://sokolov.ru/jewelry-catalog/product/581010352/,8 000 руб. - 9 000 руб.
2024-06-05,Sokolov,4.76,44100.0,ЦБ ЦЕПИ,9265.0,нет скидочного купона,https://sokolov.ru/jewelry-catalog/product/581020402/,9 000 руб. - 10 000 руб.
2024-06-05,Sokolov,5.11,45675.0,ЦБ ЦЕПИ,8938.0,нет скидочного купона,https://sokolov.ru/jewelry-catalog/product/581100352/,8 000 руб. - 9 000 руб.
2024-06-05,Sokolov,4.71,47250.0,ЦБ ЦЕПИ,10032.0,нет скидочного купона,https://sokolov.ru/jewelry-catalog/product/581080358/,свыше 10 000 руб.
2024-06-05,Sokolov,1.4,13356.0,ЦБ ЦЕПИ,9540.0,Дополнительная скидка по акции «Готовимся к лету!» ЕЩЁ -20%,https://sokolov.ru/jewelry-catalog/product/581060202/,9 000 руб. - 10 000 руб.
2024-06-05,Sokolov,1.89,19845.0,ЦБ ЦЕПИ,10500.0,нет скидочного купона,https://sokolov.ru/jewelry-catalog/product/581030300/,свыше 10 000 руб.
2024-06-05,Sokolov,1.82,19845.0,ЦБ ЦЕПИ,10904.0,нет скидочного купона,https://sokolov.ru/jewelry-catalog/product/581030304/,свыше 10 000 руб.
2024-06-05,Sokolov,2.0,18900.0,ЦБ ЦЕПИ,9450.0,Дополнительная скидка по акции «Готовимся к лету!» ЕЩЁ -20%,https://sokolov.ru/jewelry-catalog/product/581060252/,9 000 руб. - 10 000 руб.
2024-06-05,Sokolov,1.71,16380.0,ЦБ БРАСЛЕТЫ,9579.0,Дополнительная скидка по акции «Готовимся к лету!» ЕЩЁ -20%,https://sokolov.ru/jewelry-catalog/product/552020502/,9 000 руб. - 10 000 руб.
2024-06-05,Sokolov,2.07,21262.5,ЦБ БРАСЛЕТЫ,10272.0,Дополнительная скидка по акции «Готовимся к лету!» ЕЩЁ -10%,https://sokolov.ru/jewelry-catalog/product/552070502/,свыше 10 000 руб.
2024-06-05,Sokolov,2.36,22113.0,ЦБ БРАСЛЕТЫ,9370.0,Дополнительная скидка по акции «Готовимся к лету!» ЕЩЁ -10%,https://sokolov.ru/jewelry-catalog/product/552020602/,9 000 руб. - 10 000 руб.
2024-06-05,Sokolov,1.59,15876.0,ЦБ БРАСЛЕТЫ,9985.0,Дополнительная скидка по акции «Готовимся к лету!» ЕЩЁ -20%,https://sokolov.ru/jewelry-catalog/product/551060352/,9 000 руб. - 10 000 руб.
2024-06-05,Sokolov,2.51,25200.0,ЦБ БРАСЛЕТЫ,10040.0,нет скидочного купона,https://sokolov.ru/jewelry-catalog/product/552010606/,свыше 10 000 руб.
2024-06-05,Sokolov,1.13,11340.0,ЦБ БРАСЛЕТЫ,10035.0,Дополнительная скидка по акции «Готовимся к лету!» ЕЩЁ -20%,https://sokolov.ru/jewelry-catalog/product/551010302/,свыше 10 000 руб.
2024-06-05,Sokolov,4.82,45360.0,ЦБ БРАСЛЕТЫ,9411.0,Дополнительная скидка по акции «Готовимся к лету!» ЕЩЁ -10%,https://sokolov.ru/jewelry-catalog/product/552070802/,9 000 руб. - 10 000 руб.
2024-06-05,Sokolov,3.16,28350.0,ЦБ БРАСЛЕТЫ,8972.0,Дополнительная скидка по акции «Готовимся к лету!» ЕЩЁ -10%,https://sokolov.ru/jewelry-catalog/product/552100602/,8 000 руб. - 9 000 руб.
2024-06-05,Sokolov,2.76,25515.0,ЦБ ЦЕПИ,9245.0,Дополнительная скидка по акции «Готовимся к лету!» ЕЩЁ -10%,https://sokolov.ru/jewelry-catalog/product/581080258-3/,9 000 руб. - 10 000 руб.
2024-06-05,Sokolov,2.1,20695.5,ЦБ ЦЕПИ,9855.0,Дополнительная скидка по акции «Готовимся к лету!» ЕЩЁ -10%,https://sokolov.ru/jewelry-catalog/product/581040302-3/,9 000 руб. - 10 000 руб.
2024-06-05,Sokolov,2.86,27720.0,ЦБ ЦЕПИ,9692.0,Дополнительная скидка по акции «Готовимся к лету!» ЕЩЁ -20%,https://sokolov.ru/jewelry-catalog/product/581060302-3/,9 000 руб. - 10 000 руб.
2024-06-05,Sokolov,1.77,17136.0,ЦБ ЦЕПИ,9681.0,Дополнительная скидка по акции «Готовимся к лету!» ЕЩЁ -20%,https://sokolov.ru/jewelry-catalog/product/581030304-3/,9 000 руб. - 10 000 руб.
2024-06-05,Sokolov,4.97,49612.5,ЦБ ЦЕПИ,9982.0,Дополнительная скидка по акции «Готовимся к лету!» ЕЩЁ -10%,https://sokolov.ru/jewelry-catalog/product/581080358-3/,9 000 руб. - 10 000 руб.
2024-06-05,Sokolov,1.77,21420.0,ЦБ ЦЕПИ,12102.0,нет скидочного купона,https://sokolov.ru/jewelry-catalog/product/581010252-3/,свыше 10 000 руб.
2024-06-05,Sokolov,1.65,18900.0,ЦБ ЦЕПИ,11455.0,нет скидочного купона,https://sokolov.ru/jewelry-catalog/product/2106020-3/,свыше 10 000 руб.
2024-06-05,Sokolov,1.99,19845.0,ЦБ ЦЕПИ,9972.0,Дополнительная скидка по акции «Готовимся к лету!» ЕЩЁ -10%,https://sokolov.ru/jewelry-catalog/product/581030300-3/,9 000 руб. - 10 000 руб.
2024-06-05,Sokolov,7.79,64575.0,ЦБ ЦЕПИ,8289.0,нет скидочного купона,https://sokolov.ru/jewelry-catalog/product/581010506/,8 000 руб. - 9 000 руб.
2024-06-05,Sokolov,2.57,23625.0,ЦБ ЦЕПИ,9193.0,нет скидочного купона,https://sokolov.ru/jewelry-catalog/product/581030354/,9 000 руб. - 10 000 руб.
2024-06-05,Sokolov,3.2,31185.0,ЦБ ЦЕПИ,9745.0,Дополнительная скидка по акции «Готовимся к лету!» ЕЩЁ -10%,https://sokolov.ru/jewelry-catalog/product/582100402/,9 000 руб. - 10 000 руб.
2024-06-05,Sokolov,3.91,39375.0,ЦБ ЦЕПИ,10070.0,нет скидочного купона,https://sokolov.ru/jewelry-catalog/product/581030508/,свыше 10 000 руб.
2024-06-05,Sokolov,3.3,30870.0,ЦБ ЦЕПИ,9355.0,нет скидочного купона,https://sokolov.ru/jewelry-catalog/product/2120030-3/,9 000 руб. - 10 000 руб.
2024-06-05,Sokolov,1.38,13356.0,ЦБ ЦЕПИ,9678.0,Дополнительная скидка по акции «Готовимся к лету!» ЕЩЁ -20%,https://sokolov.ru/jewelry-catalog/product/582030400/,9 000 руб. - 10 000 руб.
2024-06-05,Sokolov,2.98,33075.0,ЦБ ЦЕПИ,11099.0,нет скидочного купона,https://sokolov.ru/jewelry-catalog/product/2102030-3/,свыше 10 000 руб.
2024-06-05,Sokolov,2.98,29925.0,ЦБ ЦЕПИ,10042.0,нет скидочного купона,https://sokolov.ru/jewelry-catalog/product/581030408-2/,свыше 10 000 руб.
2024-06-05,Sokolov,2.08,21420.0,ЦБ ЦЕПИ,10298.0,нет скидочного купона,https://sokolov.ru/jewelry-catalog/product/581040302-2/,свыше 10 000 руб.
2024-06-05,Sokolov,5.19,47250.0,ЦБ ЦЕПИ,9104.0,нет скидочного купона,https://sokolov.ru/jewelry-catalog/product/581060402/,9 000 руб. - 10 000 руб.
2024-06-05,Sokolov,7.37,58275.0,ЦБ ЦЕПИ,7907.0,нет скидочного купона,https://sokolov.ru/jewelry-catalog/product/582020702/,7 000 руб. - 8 000 руб.
2024-06-05,Sokolov,2.36,22995.0,ЦБ ЦЕПИ,9744.0,нет скидочного купона,https://sokolov.ru/jewelry-catalog/product/582050402/,9 000 руб. - 10 000 руб.
2024-06-05,Sokolov,28.68,206325.0,ЦБ ЦЕПИ,7194.0,нет скидочного купона,https://sokolov.ru/jewelry-catalog/product/581011006/,7 000 руб. - 8 000 руб.
2024-06-05,Sokolov,5.37,40950.0,ЦБ ЦЕПИ,7626.0,нет скидочного купона,https://sokolov.ru/jewelry-catalog/product/582050602/,7 000 руб. - 8 000 руб.
2024-06-05,Sokolov,7.32,61425.0,ЦБ ЦЕПИ,8391.0,нет скидочного купона,https://sokolov.ru/jewelry-catalog/product/582010706/,8 000 руб. - 9 000 руб.
2024-06-05,Sokolov,3.52,29295.0,ЦБ ЦЕПИ,8322.0,нет скидочного купона,https://sokolov.ru/jewelry-catalog/product/581080300-32/,8 000 руб. - 9 000 руб.
2024-06-05,Sokolov,2.63,25200.0,ЦБ ЦЕПИ,9582.0,нет скидочного купона,https://sokolov.ru/jewelry-catalog/product/582060402/,9 000 руб. - 10 000 руб.
2024-06-05,Sokolov,9.09,69300.0,ЦБ ЦЕПИ,7624.0,нет скидочного купона,https://sokolov.ru/jewelry-catalog/product/582070702/,7 000 руб. - 8 000 руб.
2024-06-05,Sokolov,18.18,155925.0,ЦБ ЦЕПИ,8577.0,нет скидочного купона,https://sokolov.ru/jewelry-catalog/product/581130502/,8 000 руб. - 9 000 руб.
2024-06-05,Sokolov,0.79,8190.0,БК ПОДВЕС ДЕКОР,10367.0,нет скидочного купона,https://sokolov.ru/jewelry-catalog/product/036568/,свыше 10 000 руб.
2024-06-05,Sokolov,3.92,34020.0,БК КОЛЬЦА,8679.0,Дополнительная скидка по акции «Готовимся к лету!» ЕЩЁ -10%,https://sokolov.ru/jewelry-catalog/product/019402/,8 000 руб. - 9 000 руб.
2024-06-05,Sokolov,1.21,11340.0,БК СЕРЬГИ,9372.0,Дополнительная скидка по акции «Готовимся к лету!» ЕЩЁ -10%,https://sokolov.ru/jewelry-catalog/product/0200235/,9 000 руб. - 10 000 руб.
2024-06-05,Sokolov,1.32,10710.0,БК СЕРЬГИ,8114.0,нет скидочного купона,https://sokolov.ru/jewelry-catalog/product/0200308/,8 000 руб. - 9 000 руб.
2024-06-05,Sokolov,1.13,11970.0,БК СЕРЬГИ,10593.0,нет скидочного купона,https://sokolov.ru/jewelry-catalog/product/0200321/,свыше 10 000 руб.
2024-06-05,Sokolov,2.13,16443.0,БК СЕРЬГИ,7720.0,Дополнительная скидка по акции «Готовимся к лету!» ЕЩЁ -10%,https://sokolov.ru/jewelry-catalog/product/0200315/,7 000 руб. - 8 000 руб.
2024-06-05,Sokolov,3.23,20160.0,БК СЕРЬГИ,6241.0,нет скидочного купона,https://sokolov.ru/jewelry-catalog/product/0200297/,6 000 руб. - 6 500 руб.
2024-06-05,Sokolov,3.05,27783.0,БК КОЛЬЦА,9109.0,Дополнительная скидка по акции «Готовимся к лету!» ЕЩЁ -10%,https://sokolov.ru/jewelry-catalog/product/019427/,9 000 руб. - 10 000 руб.
2024-06-05,Sokolov,1.08,9355.5,ЦБ БРАСЛЕТЫ,8662.0,Дополнительная скидка по акции «Готовимся к лету!» ЕЩЁ -10%,https://sokolov.ru/jewelry-catalog/product/051458/,8 000 руб. - 9 000 руб.
2024-06-05,Sokolov,2.32,19845.0,ЦБ БРАСЛЕТЫ,8554.0,Дополнительная скидка по акции «Готовимся к лету!» ЕЩЁ -10%,https://sokolov.ru/jewelry-catalog/product/051227/,8 000 руб. - 9 000 руб.
2024-06-05,Sokolov,1.44,15120.0,БК КОЛЬЦА,10500.0,нет скидочного купона,https://sokolov.ru/jewelry-catalog/product/017252/,свыше 10 000 руб.
2024-06-05,Sokolov,1.64,15025.5,БК КОЛЬЦА,9162.0,Дополнительная скидка по акции «Готовимся к лету!» ЕЩЁ -10%,https://sokolov.ru/jewelry-catalog/product/017342/,9 000 руб. - 10 000 руб.
2024-06-05,Sokolov,2.2,19845.0,БК КОЛЬЦА,9020.0,Дополнительная скидка по акции «Готовимся к лету!» ЕЩЁ -10%,https://sokolov.ru/jewelry-catalog/product/018416/,9 000 руб. - 10 000 руб.
2024-06-05,Sokolov,1.49,12600.0,БК КОЛЬЦА,8456.0,нет скидочного купона,https://sokolov.ru/jewelry-catalog/product/018575/,8 000 руб. - 9 000 руб.
2024-06-05,Sokolov,3.76,34650.0,БК КОЛЬЦА,9215.0,нет скидочного купона,https://sokolov.ru/jewelry-catalog/product/018715/,9 000 руб. - 10 000 руб.
2024-06-05,Sokolov,1.39,11340.0,БК КОЛЬЦА,8158.0,Дополнительная скидка по акции «Готовимся к лету!» ЕЩЁ -10%,https://sokolov.ru/jewelry-catalog/product/018791/,8 000 руб. - 9 000 руб.
2024-06-05,Sokolov,3.24,28350.0,БК КОЛЬЦА,8750.0,нет скидочного купона,https://sokolov.ru/jewelry-catalog/product/018648/,8 000 руб. - 9 000 руб.
2024-06-05,Sokolov,4.24,39375.0,БК КОЛЬЦА ОБРУЧ,9287.0,нет скидочного купона,https://sokolov.ru/jewelry-catalog/product/111034-01/,9 000 руб. - 10 000 руб.
2024-06-05,Sokolov,2.03,16695.0,БК КОЛЬЦА,8224.0,нет скидочного купона,https://sokolov.ru/jewelry-catalog/product/018593/,8 000 руб. - 9 000 руб.
2024-06-05,Sokolov,1.73,15025.5,БК КОЛЬЦА,8685.0,Дополнительная скидка по акции «Готовимся к лету!» ЕЩЁ -10%,https://sokolov.ru/jewelry-catalog/product/018956/,8 000 руб. - 9 000 руб.
2024-06-05,Sokolov,2.21,17640.0,БК КОЛЬЦА,7982.0,Дополнительная скидка по акции «Готовимся к лету!» ЕЩЁ -20%,https://sokolov.ru/jewelry-catalog/product/017100/,7 000 руб. - 8 000 руб.
2024-06-05,Sokolov,3.09,25830.0,БК СЕРЬГИ,8359.0,нет скидочного купона,https://sokolov.ru/jewelry-catalog/product/027537/,8 000 руб. - 9 000 руб.
2024-06-05,Sokolov,2.7,25200.0,БК СЕРЬГИ,9333.0,нет скидочного купона,https://sokolov.ru/jewelry-catalog/product/028552/,9 000 руб. - 10 000 руб.
2024-06-05,Sokolov,3.24,25515.0,БК КОЛЬЦА,7875.0,Дополнительная скидка по акции «Готовимся к лету!» ЕЩЁ -10%,https://sokolov.ru/jewelry-catalog/product/012030/,7 000 руб. - 8 000 руб.
2024-06-05,Sokolov,1.02,9355.5,БК КОЛЬЦА,9172.0,Дополнительная скидка по акции «Готовимся к лету!» ЕЩЁ -10%,https://sokolov.ru/jewelry-catalog/product/017293/,9 000 руб. - 10 000 руб.
2024-06-05,Sokolov,1.64,14175.0,БК КОЛЬЦА,8643.0,нет скидочного купона,https://sokolov.ru/jewelry-catalog/product/018747/,8 000 руб. - 9 000 руб.
2024-06-05,Sokolov,2.04,19845.0,БК КОЛЬЦА ОБРУЧ,9728.0,нет скидочного купона,https://sokolov.ru/jewelry-catalog/product/110182/,9 000 руб. - 10 000 руб.
2024-06-05,Sokolov,1.15,10395.0,БК ПОДВЕС КУЛЬТ,9039.0,нет скидочного купона,https://sokolov.ru/jewelry-catalog/product/120050/,9 000 руб. - 10 000 руб.
2024-06-05,Sokolov,1.22,8820.0,БК СЕРЬГИ,7230.0,нет скидочного купона,https://sokolov.ru/jewelry-catalog/product/027747/,7 000 руб. - 8 000 руб.
2024-06-05,Sokolov,3.52,24150.0,БК КОЛЬЦА ОБРУЧ,6861.0,нет скидочного купона,https://sokolov.ru/jewelry-catalog/product/110233/,6 500 руб. - 7 000 руб.
2024-06-05,Sokolov,0.96,10395.0,БК ПОДВЕС ДЕКОР,10828.0,нет скидочного купона,https://sokolov.ru/jewelry-catalog/product/036517/,свыше 10 000 руб.
2024-06-05,Sokolov,4.08,27216.0,БК СЕРЬГИ,6671.0,Дополнительная скидка по акции «Готовимся к лету!» ЕЩЁ -10%,https://sokolov.ru/jewelry-catalog/product/029528/,6 500 руб. - 7 000 руб.
2024-06-05,Sokolov,1.09,9450.0,БК ПОДВЕС ДЕКОР,8670.0,нет скидочного купона,https://sokolov.ru/jewelry-catalog/product/036062/,8 000 руб. - 9 000 руб.
2024-06-05,Sokolov,4.65,33075.0,БК СЕРЬГИ,7113.0,нет скидочного купона,https://sokolov.ru/jewelry-catalog/product/029688/,7 000 руб. - 8 000 руб.
2024-06-05,Sokolov,2.0,14280.0,БК КОЛЬЦА,7140.0,нет скидочного купона,https://sokolov.ru/jewelry-catalog/product/019127/,7 000 руб. - 8 000 руб.
2024-06-05,Sokolov,0.96,8316.0,БК КОЛЬЦА,8662.0,Дополнительная скидка по акции «Готовимся к лету!» ЕЩЁ -20%,https://sokolov.ru/jewelry-catalog/product/019167/,8 000 руб. - 9 000 руб.
2024-06-05,Sokolov,1.37,12190.5,БК КОЛЬЦА,8898.0,Дополнительная скидка по акции «Готовимся к лету!» ЕЩЁ -10%,https://sokolov.ru/jewelry-catalog/product/019244/,8 000 руб. - 9 000 руб.
2024-06-05,Sokolov,1.49,12096.0,БК КОЛЬЦА,8118.0,Дополнительная скидка по акции «Готовимся к лету!» ЕЩЁ -20%,https://sokolov.ru/jewelry-catalog/product/019248/,8 000 руб. - 9 000 руб.
2024-06-05,Sokolov,0.37,3685.5,БК КОЛЬЦА,9961.0,Дополнительная скидка по акции «Готовимся к лету!» ЕЩЁ -10%,https://sokolov.ru/jewelry-catalog/product/019278/,9 000 руб. - 10 000 руб.
2024-06-05,Sokolov,2.4,18900.0,БК КОЛЬЦА,7875.0,Дополнительная скидка по акции «Готовимся к лету!» ЕЩЁ -20%,https://sokolov.ru/jewelry-catalog/product/019284/,7 000 руб. - 8 000 руб.
2024-06-05,Sokolov,2.21,19845.0,БК КОЛЬЦА ОБРУЧ,8980.0,нет скидочного купона,https://sokolov.ru/jewelry-catalog/product/110179/,8 000 руб. - 9 000 руб.
2024-06-05,Sokolov,2.23,16632.0,БК КОЛЬЦА,7458.0,Дополнительная скидка по акции «Готовимся к лету!» ЕЩЁ -10%,https://sokolov.ru/jewelry-catalog/product/018886/,7 000 руб. - 8 000 руб.
2024-06-05,Sokolov,0.85,6804.0,БК КОЛЬЦА,8005.0,Дополнительная скидка по акции «Готовимся к лету!» ЕЩЁ -10%,https://sokolov.ru/jewelry-catalog/product/019189/,8 000 руб. - 9 000 руб.
2024-06-05,Sokolov,1.89,16443.0,БК КОЛЬЦА,8700.0,Дополнительная скидка по акции «Готовимся к лету!» ЕЩЁ -10%,https://sokolov.ru/jewelry-catalog/product/019240/,8 000 руб. - 9 000 руб.
2024-06-05,Sokolov,2.11,15592.5,БК КОЛЬЦА,7390.0,Дополнительная скидка по акции «Готовимся к лету!» ЕЩЁ -10%,https://sokolov.ru/jewelry-catalog/product/019281/,7 000 руб. - 8 000 руб.
2024-06-05,Sokolov,1.94,18900.0,БК КОЛЬЦА,9742.0,нет скидочного купона,https://sokolov.ru/jewelry-catalog/product/019033/,9 000 руб. - 10 000 руб.
2024-06-05,Sokolov,3.84,32602.5,БК КОЛЬЦА,8490.0,Дополнительная скидка по акции «Готовимся к лету!» ЕЩЁ -10%,https://sokolov.ru/jewelry-catalog/product/011245/,8 000 руб. - 9 000 руб.
2024-06-05,Sokolov,0.78,7654.5,БК КОЛЬЦА,9813.0,Дополнительная скидка по акции «Готовимся к лету!» ЕЩЁ -10%,https://sokolov.ru/jewelry-catalog/product/017399-2/,9 000 руб. - 10 000 руб.
2024-06-05,Sokolov,1.85,16695.0,БК КОЛЬЦА,9024.0,нет скидочного купона,https://sokolov.ru/jewelry-catalog/product/019099/,9 000 руб. - 10 000 руб.
2024-06-05,Sokolov,0.98,7654.5,БК КОЛЬЦА,7811.0,Дополнительная скидка по акции «Готовимся к лету!» ЕЩЁ -10%,https://sokolov.ru/jewelry-catalog/product/019133/,7 000 руб. - 8 000 руб.
2024-06-05,Sokolov,0.99,7654.5,БК КОЛЬЦА,7732.0,Дополнительная скидка по акции «Готовимся к лету!» ЕЩЁ -10%,https://sokolov.ru/jewelry-catalog/product/019181/,7 000 руб. - 8 000 руб.
2024-06-05,Sokolov,1.72,13608.0,БК КОЛЬЦА,7912.0,Дополнительная скидка по акции «Готовимся к лету!» ЕЩЁ -10%,https://sokolov.ru/jewelry-catalog/product/019239/,7 000 руб. - 8 000 руб.
2024-06-05,Sokolov,2.35,22050.0,БК КОЛЬЦА,9383.0,нет скидочного купона,https://sokolov.ru/jewelry-catalog/product/019322/,9 000 руб. - 10 000 руб.
2024-06-05,Sokolov,3.46,29925.0,БК КОЛЬЦА ОБРУЧ,8649.0,нет скидочного купона,https://sokolov.ru/jewelry-catalog/product/112004-01/,8 000 руб. - 9 000 руб.
2024-06-05,Sokolov,2.59,19845.0,БК КОЛЬЦА,7662.0,Дополнительная скидка по акции «Готовимся к лету!» ЕЩЁ -10%,https://sokolov.ru/jewelry-catalog/product/018937/,7 000 руб. - 8 000 руб.
2024-06-05,Sokolov,2.53,22995.0,БК КОЛЬЦА ОБРУЧ,9089.0,нет скидочного купона,https://sokolov.ru/jewelry-catalog/product/111212/,9 000 руб. - 10 000 руб.
2024-06-05,Sokolov,3.51,34650.0,БК КОЛЬЦА ОБРУЧ,9872.0,нет скидочного купона,https://sokolov.ru/jewelry-catalog/product/111216/,9 000 руб. - 10 000 руб.
2024-06-05,Sokolov,3.77,29925.0,БК КОЛЬЦА ОБРУЧ,7938.0,нет скидочного купона,https://sokolov.ru/jewelry-catalog/product/111219/,7 000 руб. - 8 000 руб.
2024-06-05,Sokolov,3.33,29925.0,БК КОЛЬЦА ОБРУЧ,8986.0,нет скидочного купона,https://sokolov.ru/jewelry-catalog/product/111223/,8 000 руб. - 9 000 руб.
2024-06-05,Sokolov,1.82,15750.0,БК КОЛЬЦА,8654.0,нет скидочного купона,https://sokolov.ru/jewelry-catalog/product/018432/,8 000 руб. - 9 000 руб.
2024-06-05,Sokolov,2.13,17860.5,БК КОЛЬЦА,8385.0,Дополнительная скидка по акции «Готовимся к лету!» ЕЩЁ -10%,https://sokolov.ru/jewelry-catalog/product/019274/,8 000 руб. - 9 000 руб.
2024-06-05,Sokolov,2.26,21420.0,БК КОЛЬЦА ОБРУЧ,9478.0,нет скидочного купона,https://sokolov.ru/jewelry-catalog/product/111214/,9 000 руб. - 10 000 руб.
2024-06-05,Sokolov,2.41,14700.0,БК КОЛЬЦА ОБРУЧ,6100.0,нет скидочного купона,https://sokolov.ru/jewelry-catalog/product/113010-01/,6 000 руб. - 6 500 руб.
2024-06-05,Sokolov,1.84,9576.0,БК КОЛЬЦА,5204.0,Дополнительная скидка по акции «Готовимся к лету!» ЕЩЁ -20%,https://sokolov.ru/jewelry-catalog/product/018636-4/,до 5 500 руб.
2024-06-05,Sokolov,1.6,15120.0,БК КОЛЬЦА,9450.0,нет скидочного купона,https://sokolov.ru/jewelry-catalog/product/017257/,9 000 руб. - 10 000 руб.
2024-06-05,Sokolov,1.93,15592.5,БК КОЛЬЦА,8079.0,Дополнительная скидка по акции «Готовимся к лету!» ЕЩЁ -10%,https://sokolov.ru/jewelry-catalog/product/018670/,8 000 руб. - 9 000 руб.
2024-06-05,Sokolov,2.31,16443.0,БК КОЛЬЦА,7118.0,Дополнительная скидка по акции «Готовимся к лету!» ЕЩЁ -10%,https://sokolov.ru/jewelry-catalog/product/019335/,7 000 руб. - 8 000 руб.
2024-06-05,Sokolov,3.49,26775.0,БК КОЛЬЦА ОБРУЧ,7672.0,нет скидочного купона,https://sokolov.ru/jewelry-catalog/product/111003-09/,7 000 руб. - 8 000 руб.
2024-06-05,Sokolov,2.28,18480.0,БК КОЛЬЦА ОБРУЧ,8105.0,нет скидочного купона,https://sokolov.ru/jewelry-catalog/product/111226/,8 000 руб. - 9 000 руб.
2024-06-05,Sokolov,2.98,23625.0,БК КОЛЬЦА ОБРУЧ,7928.0,нет скидочного купона,https://sokolov.ru/jewelry-catalog/product/114110-11/,7 000 руб. - 8 000 руб.
2024-06-05,Sokolov,4.08,39375.0,БК КОЛЬЦА,9651.0,нет скидочного купона,https://sokolov.ru/jewelry-catalog/product/018997/,9 000 руб. - 10 000 руб.
2024-06-05,Sokolov,1.12,9922.5,БК КОЛЬЦА,8859.0,Дополнительная скидка по акции «Готовимся к лету!» ЕЩЁ -10%,https://sokolov.ru/jewelry-catalog/product/019146/,8 000 руб. - 9 000 руб.
2024-06-05,Sokolov,1.07,8505.0,БК КОЛЬЦА,7949.0,Дополнительная скидка по акции «Готовимся к лету!» ЕЩЁ -10%,https://sokolov.ru/jewelry-catalog/product/019242/,7 000 руб. - 8 000 руб.
2024-06-05,Sokolov,0.62,5292.0,БК КОЛЬЦА,8535.0,Дополнительная скидка по акции «Готовимся к лету!» ЕЩЁ -20%,https://sokolov.ru/jewelry-catalog/product/019277/,8 000 руб. - 9 000 руб.
2024-06-05,Sokolov,2.58,19845.0,БК КОЛЬЦА,7692.0,Дополнительная скидка по акции «Готовимся к лету!» ЕЩЁ -10%,https://sokolov.ru/jewelry-catalog/product/019333/,7 000 руб. - 8 000 руб.
2024-06-05,Sokolov,3.27,25515.0,БК КОЛЬЦА,7803.0,Дополнительная скидка по акции «Готовимся к лету!» ЕЩЁ -10%,https://sokolov.ru/jewelry-catalog/product/019339/,7 000 руб. - 8 000 руб.
2024-06-05,Sokolov,1.93,15025.5,БК КОЛЬЦА,7785.0,Дополнительная скидка по акции «Готовимся к лету!» ЕЩЁ -10%,https://sokolov.ru/jewelry-catalog/product/018175/,7 000 руб. - 8 000 руб.
2024-06-05,Sokolov,3.16,27783.0,БК КОЛЬЦА,8792.0,Дополнительная скидка по акции «Готовимся к лету!» ЕЩЁ -10%,https://sokolov.ru/jewelry-catalog/product/018774/,8 000 руб. - 9 000 руб.
2024-06-05,Sokolov,0.91,7654.5,БК КОЛЬЦА,8412.0,Дополнительная скидка по акции «Готовимся к лету!» ЕЩЁ -10%,https://sokolov.ru/jewelry-catalog/product/019194/,8 000 руб. - 9 000 руб.
2024-06-05,Sokolov,3.41,27783.0,БК КОЛЬЦА,8148.0,Дополнительная скидка по акции «Готовимся к лету!» ЕЩЁ -10%,https://sokolov.ru/jewelry-catalog/product/019332/,8 000 руб. - 9 000 руб.
2024-06-05,Sokolov,2.25,18427.5,БК КОЛЬЦА,8190.0,Дополнительная скидка по акции «Готовимся к лету!» ЕЩЁ -10%,https://sokolov.ru/jewelry-catalog/product/019138/,8 000 руб. - 9 000 руб.
2024-06-05,Sokolov,1.88,15592.5,БК КОЛЬЦА,8294.0,Дополнительная скидка по акции «Готовимся к лету!» ЕЩЁ -10%,https://sokolov.ru/jewelry-catalog/product/019280/,8 000 руб. - 9 000 руб.
2024-06-05,Sokolov,0.67,5796.0,БК КОЛЬЦА,8651.0,Дополнительная скидка по акции «Готовимся к лету!» ЕЩЁ -20%,https://sokolov.ru/jewelry-catalog/product/018879/,8 000 руб. - 9 000 руб.
2024-06-05,Sokolov,1.39,12096.0,БК КОЛЬЦА,8702.0,Дополнительная скидка по акции «Готовимся к лету!» ЕЩЁ -20%,https://sokolov.ru/jewelry-catalog/product/019178/,8 000 руб. - 9 000 руб.
2024-06-05,Sokolov,1.03,8505.0,БК КОЛЬЦА,8257.0,Дополнительная скидка по акции «Готовимся к лету!» ЕЩЁ -10%,https://sokolov.ru/jewelry-catalog/product/019247/,8 000 руб. - 9 000 руб.
2024-06-05,Sokolov,1.22,10773.0,БК КОЛЬЦА,8830.0,Дополнительная скидка по акции «Готовимся к лету!» ЕЩЁ -10%,https://sokolov.ru/jewelry-catalog/product/019260/,8 000 руб. - 9 000 руб.
2024-06-05,Sokolov,3.57,29295.0,БК КОЛЬЦА,8206.0,нет скидочного купона,https://sokolov.ru/jewelry-catalog/product/014097/,8 000 руб. - 9 000 руб.
2024-06-05,Sokolov,1.84,16443.0,БК КОЛЬЦА,8936.0,Дополнительная скидка по акции «Готовимся к лету!» ЕЩЁ -10%,https://sokolov.ru/jewelry-catalog/product/018848/,8 000 руб. - 9 000 руб.
2024-06-05,Sokolov,2.35,18270.0,БК КОЛЬЦА,7774.0,нет скидочного купона,https://sokolov.ru/jewelry-catalog/product/018880/,7 000 руб. - 8 000 руб.
2024-06-05,Sokolov,6.0,51030.0,БК КОЛЬЦА,8505.0,Дополнительная скидка по акции «Готовимся к лету!» ЕЩЁ -10%,https://sokolov.ru/jewelry-catalog/product/019080/,8 000 руб. - 9 000 руб.
2024-06-05,Sokolov,0.86,7875.0,БК КОЛЬЦА,9157.0,нет скидочного купона,https://sokolov.ru/jewelry-catalog/product/019144/,9 000 руб. - 10 000 руб.
2024-06-05,Sokolov,1.75,13608.0,БК КОЛЬЦА,7776.0,Дополнительная скидка по акции «Готовимся к лету!» ЕЩЁ -10%,https://sokolov.ru/jewelry-catalog/product/019255/,7 000 руб. - 8 000 руб.
2024-06-05,Sokolov,3.17,25200.0,БК КОЛЬЦА ОБРУЧ,7950.0,нет скидочного купона,https://sokolov.ru/jewelry-catalog/product/111054-01/,7 000 руб. - 8 000 руб.
2024-06-05,Sokolov,1.58,13608.0,БК КОЛЬЦА,8613.0,Дополнительная скидка по акции «Готовимся к лету!» ЕЩЁ -10%,https://sokolov.ru/jewelry-catalog/product/019287/,8 000 руб. - 9 000 руб.
2024-06-05,Sokolov,1.84,18270.0,БК КОЛЬЦА,9929.0,нет скидочного купона,https://sokolov.ru/jewelry-catalog/product/010912/,9 000 руб. - 10 000 руб.
2024-06-05,Sokolov,3.2,26365.5,БК КОЛЬЦА,8239.0,Дополнительная скидка по акции «Готовимся к лету!» ЕЩЁ -10%,https://sokolov.ru/jewelry-catalog/product/017098/,8 000 руб. - 9 000 руб.
2024-06-05,Sokolov,1.43,13608.0,БК КОЛЬЦА,9516.0,Дополнительная скидка по акции «Готовимся к лету!» ЕЩЁ -10%,https://sokolov.ru/jewelry-catalog/product/017243/,9 000 руб. - 10 000 руб.
2024-06-05,Sokolov,1.42,11340.0,БК КОЛЬЦА,7986.0,Дополнительная скидка по акции «Готовимся к лету!» ЕЩЁ -10%,https://sokolov.ru/jewelry-catalog/product/017290/,7 000 руб. - 8 000 руб.
2024-06-05,Sokolov,1.31,11340.0,БК КОЛЬЦА,8656.0,Дополнительная скидка по акции «Готовимся к лету!» ЕЩЁ -10%,https://sokolov.ru/jewelry-catalog/product/017294/,8 000 руб. - 9 000 руб.
2024-06-05,Sokolov,1.22,11340.0,БК КОЛЬЦА,9295.0,Дополнительная скидка по акции «Готовимся к лету!» ЕЩЁ -10%,https://sokolov.ru/jewelry-catalog/product/017325/,9 000 руб. - 10 000 руб.
2024-06-05,Sokolov,1.45,12096.0,БК КОЛЬЦА,8342.0,Дополнительная скидка по акции «Готовимся к лету!» ЕЩЁ -20%,https://sokolov.ru/jewelry-catalog/product/017332/,8 000 руб. - 9 000 руб.
2024-06-05,Sokolov,1.22,12600.0,БК КОЛЬЦА,10328.0,нет скидочного купона,https://sokolov.ru/jewelry-catalog/product/017351/,свыше 10 000 руб.
2024-06-05,Sokolov,1.43,11970.0,БК КОЛЬЦА,8371.0,нет скидочного купона,https://sokolov.ru/jewelry-catalog/product/017488/,8 000 руб. - 9 000 руб.
2024-06-05,Sokolov,2.91,25515.0,БК КОЛЬЦА,8768.0,Дополнительная скидка по акции «Готовимся к лету!» ЕЩЁ -10%,https://sokolov.ru/jewelry-catalog/product/017701/,8 000 руб. - 9 000 руб.
2024-06-05,Sokolov,2.45,21262.5,БК КОЛЬЦА,8679.0,Дополнительная скидка по акции «Готовимся к лету!» ЕЩЁ -10%,https://sokolov.ru/jewelry-catalog/product/018410/,8 000 руб. - 9 000 руб.
2024-06-05,Sokolov,2.37,17860.5,БК КОЛЬЦА,7536.0,Дополнительная скидка по акции «Готовимся к лету!» ЕЩЁ -10%,https://sokolov.ru/jewelry-catalog/product/018586/,7 000 руб. - 8 000 руб.
2024-06-05,Sokolov,2.37,21262.5,БК КОЛЬЦА,8972.0,Дополнительная скидка по акции «Готовимся к лету!» ЕЩЁ -10%,https://sokolov.ru/jewelry-catalog/product/018612/,8 000 руб. - 9 000 руб.
2024-06-05,Sokolov,2.26,19845.0,БК КОЛЬЦА,8781.0,Дополнительная скидка по акции «Готовимся к лету!» ЕЩЁ -10%,https://sokolov.ru/jewelry-catalog/product/018668/,8 000 руб. - 9 000 руб.
2024-06-05,Sokolov,4.07,34650.0,БК КОЛЬЦА,8514.0,нет скидочного купона,https://sokolov.ru/jewelry-catalog/product/018701/,8 000 руб. - 9 000 руб.
2024-06-05,Sokolov,1.77,17860.5,БК КОЛЬЦА,10091.0,Дополнительная скидка по акции «Готовимся к лету!» ЕЩЁ -10%,https://sokolov.ru/jewelry-catalog/product/018737/,свыше 10 000 руб.
2024-06-05,Sokolov,2.14,16443.0,БК КОЛЬЦА,7684.0,Дополнительная скидка по акции «Готовимся к лету!» ЕЩЁ -10%,https://sokolov.ru/jewelry-catalog/product/018768/,7 000 руб. - 8 000 руб.
2024-06-05,Sokolov,2.25,16443.0,БК КОЛЬЦА,7308.0,Дополнительная скидка по акции «Готовимся к лету!» ЕЩЁ -10%,https://sokolov.ru/jewelry-catalog/product/018850/,7 000 руб. - 8 000 руб.
2024-06-05,Sokolov,2.26,18270.0,БК КОЛЬЦА,8084.0,нет скидочного купона,https://sokolov.ru/jewelry-catalog/product/018856/,8 000 руб. - 9 000 руб.
2024-06-05,Sokolov,2.57,23530.5,БК КОЛЬЦА,9156.0,Дополнительная скидка по акции «Готовимся к лету!» ЕЩЁ -10%,https://sokolov.ru/jewelry-catalog/product/018883/,9 000 руб. - 10 000 руб.
2024-06-05,Sokolov,1.03,7371.0,БК КОЛЬЦА,7156.0,Дополнительная скидка по акции «Готовимся к лету!» ЕЩЁ -10%,https://sokolov.ru/jewelry-catalog/product/018885/,7 000 руб. - 8 000 руб.
2024-06-05,Sokolov,1.07,7371.0,БК КОЛЬЦА,6889.0,Дополнительная скидка по акции «Готовимся к лету!» ЕЩЁ -10%,https://sokolov.ru/jewelry-catalog/product/018887/,6 500 руб. - 7 000 руб.
2024-06-05,Sokolov,1.05,9355.5,БК КОЛЬЦА,8910.0,Дополнительная скидка по акции «Готовимся к лету!» ЕЩЁ -10%,https://sokolov.ru/jewelry-catalog/product/018973/,8 000 руб. - 9 000 руб.
2024-06-05,Sokolov,1.16,9576.0,БК КОЛЬЦА,8255.0,Дополнительная скидка по акции «Готовимся к лету!» ЕЩЁ -20%,https://sokolov.ru/jewelry-catalog/product/018987/,8 000 руб. - 9 000 руб.
2024-06-05,Sokolov,4.1,31185.0,БК КОЛЬЦА,7606.0,Дополнительная скидка по акции «Готовимся к лету!» ЕЩЁ -10%,https://sokolov.ru/jewelry-catalog/product/019000/,7 000 руб. - 8 000 руб.
2024-06-05,Sokolov,1.0,8316.0,БК КОЛЬЦА,8316.0,Дополнительная скидка по акции «Готовимся к лету!» ЕЩЁ -20%,https://sokolov.ru/jewelry-catalog/product/019070/,8 000 руб. - 9 000 руб.
2024-06-05,Sokolov,1.68,15592.5,БК КОЛЬЦА,9281.0,Дополнительная скидка по акции «Готовимся к лету!» ЕЩЁ -10%,https://sokolov.ru/jewelry-catalog/product/019088/,9 000 руб. - 10 000 руб.
2024-06-05,Sokolov,3.52,27783.0,БК КОЛЬЦА,7893.0,Дополнительная скидка по акции «Готовимся к лету!» ЕЩЁ -10%,https://sokolov.ru/jewelry-catalog/product/019126/,7 000 руб. - 8 000 руб.
2024-06-05,Sokolov,1.57,13608.0,БК КОЛЬЦА,8668.0,Дополнительная скидка по акции «Готовимся к лету!» ЕЩЁ -10%,https://sokolov.ru/jewelry-catalog/product/019199/,8 000 руб. - 9 000 руб.
2024-06-05,Sokolov,1.6,13356.0,БК КОЛЬЦА,8348.0,Дополнительная скидка по акции «Готовимся к лету!» ЕЩЁ -20%,https://sokolov.ru/jewelry-catalog/product/019258/,8 000 руб. - 9 000 руб.
2024-06-05,Sokolov,2.43,18480.0,БК КОЛЬЦА,7605.0,нет скидочного купона,https://sokolov.ru/jewelry-catalog/product/019259/,7 000 руб. - 8 000 руб.
2024-06-05,Sokolov,1.78,13230.0,БК КОЛЬЦА,7433.0,нет скидочного купона,https://sokolov.ru/jewelry-catalog/product/019270/,7 000 руб. - 8 000 руб.
2024-06-05,Sokolov,1.04,8316.0,БК КОЛЬЦА,7996.0,Дополнительная скидка по акции «Готовимся к лету!» ЕЩЁ -20%,https://sokolov.ru/jewelry-catalog/product/019271/,7 000 руб. - 8 000 руб.
2024-06-05,Sokolov,0.93,8316.0,БК КОЛЬЦА,8942.0,Дополнительная скидка по акции «Готовимся к лету!» ЕЩЁ -20%,https://sokolov.ru/jewelry-catalog/product/019273/,8 000 руб. - 9 000 руб.
2024-06-05,Sokolov,2.01,15876.0,БК КОЛЬЦА,7899.0,Дополнительная скидка по акции «Готовимся к лету!» ЕЩЁ -20%,https://sokolov.ru/jewelry-catalog/product/019294/,7 000 руб. - 8 000 руб.
2024-06-05,Sokolov,1.69,18900.0,БК СЕРЬГИ,11183.0,нет скидочного купона,https://sokolov.ru/jewelry-catalog/product/0200019/,свыше 10 000 руб.
2024-06-05,Sokolov,0.76,7371.0,БК СЕРЬГИ,9699.0,Дополнительная скидка по акции «Готовимся к лету!» ЕЩЁ -10%,https://sokolov.ru/jewelry-catalog/product/0200040/,9 000 руб. - 10 000 руб.
2024-06-05,Sokolov,1.22,11340.0,БК СЕРЬГИ,9295.0,Дополнительная скидка по акции «Готовимся к лету!» ЕЩЁ -10%,https://sokolov.ru/jewelry-catalog/product/0200056/,9 000 руб. - 10 000 руб.
2024-06-05,Sokolov,2.72,28350.0,БК СЕРЬГИ,10423.0,нет скидочного купона,https://sokolov.ru/jewelry-catalog/product/0200061/,свыше 10 000 руб.
2024-06-05,Sokolov,0.98,7087.5,БК СЕРЬГИ,7232.0,Дополнительная скидка по акции «Готовимся к лету!» ЕЩЁ -10%,https://sokolov.ru/jewelry-catalog/product/0200109/,7 000 руб. - 8 000 руб.
2024-06-05,Sokolov,2.07,17577.0,БК СЕРЬГИ,8491.0,Дополнительная скидка по акции «Готовимся к лету!» ЕЩЁ -10%,https://sokolov.ru/jewelry-catalog/product/0200118/,8 000 руб. - 9 000 руб.
2024-06-05,Sokolov,1.35,11907.0,БК СЕРЬГИ,8820.0,Дополнительная скидка по акции «Готовимся к лету!» ЕЩЁ -10%,https://sokolov.ru/jewelry-catalog/product/0200121/,8 000 руб. - 9 000 руб.
2024-06-05,Sokolov,2.16,17325.0,БК СЕРЬГИ,8021.0,нет скидочного купона,https://sokolov.ru/jewelry-catalog/product/0200134/,8 000 руб. - 9 000 руб.
2024-06-05,Sokolov,1.54,15876.0,БК СЕРЬГИ,10309.0,Дополнительная скидка по акции «Готовимся к лету!» ЕЩЁ -10%,https://sokolov.ru/jewelry-catalog/product/0200170/,свыше 10 000 руб.
2024-06-05,Sokolov,2.85,25515.0,БК СЕРЬГИ,8953.0,Дополнительная скидка по акции «Готовимся к лету!» ЕЩЁ -10%,https://sokolov.ru/jewelry-catalog/product/0200180/,8 000 руб. - 9 000 руб.
2024-06-05,Sokolov,0.99,10080.0,БК СЕРЬГИ,10182.0,нет скидочного купона,https://sokolov.ru/jewelry-catalog/product/0200202/,свыше 10 000 руб.
2024-06-05,Sokolov,1.26,10206.0,БК СЕРЬГИ,8100.0,Дополнительная скидка по акции «Готовимся к лету!» ЕЩЁ -10%,https://sokolov.ru/jewelry-catalog/product/0200203/,8 000 руб. - 9 000 руб.
2024-06-05,Sokolov,1.15,8820.0,БК СЕРЬГИ,7670.0,нет скидочного купона,https://sokolov.ru/jewelry-catalog/product/0200204/,7 000 руб. - 8 000 руб.
2024-06-05,Sokolov,0.72,6615.0,БК СЕРЬГИ,9188.0,нет скидочного купона,https://sokolov.ru/jewelry-catalog/product/020599/,9 000 руб. - 10 000 руб.
2024-06-05,Sokolov,0.77,7087.5,БК СЕРЬГИ,9205.0,Дополнительная скидка по акции «Готовимся к лету!» ЕЩЁ -10%,https://sokolov.ru/jewelry-catalog/product/020600/,9 000 руб. - 10 000 руб.
2024-06-05,Sokolov,3.88,34020.0,БК СЕРЬГИ,8768.0,Дополнительная скидка по акции «Готовимся к лету!» ЕЩЁ -10%,https://sokolov.ru/jewelry-catalog/product/021182/,8 000 руб. - 9 000 руб.
2024-06-05,Sokolov,3.23,26082.0,БК СЕРЬГИ,8075.0,Дополнительная скидка по акции «Готовимся к лету!» ЕЩЁ -10%,https://sokolov.ru/jewelry-catalog/product/021184/,8 000 руб. - 9 000 руб.
2024-06-05,Sokolov,0.83,8064.0,БК СЕРЬГИ,9716.0,Дополнительная скидка по акции «Готовимся к лету!» ЕЩЁ -20%,https://sokolov.ru/jewelry-catalog/product/021684/,9 000 руб. - 10 000 руб.
2024-06-05,Sokolov,1.08,8505.0,БК СЕРЬГИ,7875.0,Дополнительная скидка по акции «Готовимся к лету!» ЕЩЁ -10%,https://sokolov.ru/jewelry-catalog/product/021685/,7 000 руб. - 8 000 руб.
2024-06-05,Sokolov,0.9,7875.0,БК СЕРЬГИ,8750.0,нет скидочного купона,https://sokolov.ru/jewelry-catalog/product/021823/,8 000 руб. - 9 000 руб.
2024-06-05,Sokolov,0.99,8505.0,БК СЕРЬГИ,8591.0,Дополнительная скидка по акции «Готовимся к лету!» ЕЩЁ -10%,https://sokolov.ru/jewelry-catalog/product/026579/,8 000 руб. - 9 000 руб.
2024-06-05,Sokolov,0.97,8221.5,БК СЕРЬГИ,8476.0,Дополнительная скидка по акции «Готовимся к лету!» ЕЩЁ -10%,https://sokolov.ru/jewelry-catalog/product/026580/,8 000 руб. - 9 000 руб.
2024-06-05,Sokolov,4.15,39375.0,БК СЕРЬГИ,9488.0,нет скидочного купона,https://sokolov.ru/jewelry-catalog/product/026592/,9 000 руб. - 10 000 руб.
2024-06-05,Sokolov,1.45,15120.0,БК СЕРЬГИ,10428.0,нет скидочного купона,https://sokolov.ru/jewelry-catalog/product/026748/,свыше 10 000 руб.
2024-06-05,Sokolov,1.1,10710.0,БК СЕРЬГИ,9736.0,нет скидочного купона,https://sokolov.ru/jewelry-catalog/product/026806/,9 000 руб. - 10 000 руб.
2024-06-05,Sokolov,0.97,8820.0,БК СЕРЬГИ,9093.0,нет скидочного купона,https://sokolov.ru/jewelry-catalog/product/027119/,9 000 руб. - 10 000 руб.
2024-06-05,Sokolov,2.03,16443.0,БК СЕРЬГИ,8100.0,Дополнительная скидка по акции «Готовимся к лету!» ЕЩЁ -10%,https://sokolov.ru/jewelry-catalog/product/027307/,8 000 руб. - 9 000 руб.
2024-06-05,Sokolov,1.87,15120.0,БК СЕРЬГИ,8086.0,нет скидочного купона,https://sokolov.ru/jewelry-catalog/product/027363/,8 000 руб. - 9 000 руб.
2024-06-05,Sokolov,1.8,13860.0,БК СЕРЬГИ,7700.0,нет скидочного купона,https://sokolov.ru/jewelry-catalog/product/027394/,7 000 руб. - 8 000 руб.
2024-06-05,Sokolov,2.91,22680.0,БК СЕРЬГИ,7794.0,нет скидочного купона,https://sokolov.ru/jewelry-catalog/product/027425/,7 000 руб. - 8 000 руб.
2024-06-05,Sokolov,1.48,15025.5,БК СЕРЬГИ,10152.0,Дополнительная скидка по акции «Готовимся к лету!» ЕЩЁ -10%,https://sokolov.ru/jewelry-catalog/product/027431/,свыше 10 000 руб.
2024-06-05,Sokolov,0.83,7087.5,БК СЕРЬГИ,8539.0,Дополнительная скидка по акции «Готовимся к лету!» ЕЩЁ -10%,https://sokolov.ru/jewelry-catalog/product/027797/,8 000 руб. - 9 000 руб.
2024-06-05,Sokolov,3.65,31500.0,БК СЕРЬГИ,8630.0,нет скидочного купона,https://sokolov.ru/jewelry-catalog/product/028392/,8 000 руб. - 9 000 руб.
2024-06-05,Sokolov,1.3,11088.0,БК СЕРЬГИ,8529.0,Дополнительная скидка по акции «Готовимся к лету!» ЕЩЁ -20%,https://sokolov.ru/jewelry-catalog/product/028561/,8 000 руб. - 9 000 руб.
2024-06-05,Sokolov,2.2,23310.0,БК СЕРЬГИ,10595.0,нет скидочного купона,https://sokolov.ru/jewelry-catalog/product/028646/,свыше 10 000 руб.
2024-06-05,Sokolov,2.4,18427.5,БК СЕРЬГИ,7678.0,Дополнительная скидка по акции «Готовимся к лету!» ЕЩЁ -10%,https://sokolov.ru/jewelry-catalog/product/028677/,7 000 руб. - 8 000 руб.
2024-06-05,Sokolov,2.3,19278.0,БК СЕРЬГИ,8382.0,Дополнительная скидка по акции «Готовимся к лету!» ЕЩЁ -10%,https://sokolov.ru/jewelry-catalog/product/028875/,8 000 руб. - 9 000 руб.
2024-06-05,Sokolov,2.3,18144.0,БК СЕРЬГИ,7889.0,Дополнительная скидка по акции «Готовимся к лету!» ЕЩЁ -10%,https://sokolov.ru/jewelry-catalog/product/028940/,7 000 руб. - 8 000 руб.
2024-06-05,Sokolov,3.7,28350.0,БК СЕРЬГИ,7662.0,нет скидочного купона,https://sokolov.ru/jewelry-catalog/product/029050/,7 000 руб. - 8 000 руб.
2024-06-05,Sokolov,1.25,11340.0,БК СЕРЬГИ,9072.0,нет скидочного купона,https://sokolov.ru/jewelry-catalog/product/029174/,9 000 руб. - 10 000 руб.
2024-06-05,Sokolov,3.81,32602.5,БК СЕРЬГИ,8557.0,Дополнительная скидка по акции «Готовимся к лету!» ЕЩЁ -10%,https://sokolov.ru/jewelry-catalog/product/029197/,8 000 руб. - 9 000 руб.
2024-06-05,Sokolov,1.3,11907.0,БК СЕРЬГИ,9159.0,Дополнительная скидка по акции «Готовимся к лету!» ЕЩЁ -10%,https://sokolov.ru/jewelry-catalog/product/029222/,9 000 руб. - 10 000 руб.
2024-06-05,Sokolov,1.9,15120.0,БК СЕРЬГИ,7958.0,нет скидочного купона,https://sokolov.ru/jewelry-catalog/product/029496/,7 000 руб. - 8 000 руб.
2024-06-05,Sokolov,1.18,11088.0,БК СЕРЬГИ,9397.0,Дополнительная скидка по акции «Готовимся к лету!» ЕЩЁ -20%,https://sokolov.ru/jewelry-catalog/product/029544/,9 000 руб. - 10 000 руб.
2024-06-05,Sokolov,2.02,16695.0,БК СЕРЬГИ,8265.0,нет скидочного купона,https://sokolov.ru/jewelry-catalog/product/029718/,8 000 руб. - 9 000 руб.
2024-06-05,Sokolov,0.51,5985.0,БК СЕРЬГИ,11735.0,нет скидочного купона,https://sokolov.ru/jewelry-catalog/product/029737/,свыше 10 000 руб.
2024-06-05,Sokolov,0.49,4725.0,БК СЕРЬГИ,9643.0,нет скидочного купона,https://sokolov.ru/jewelry-catalog/product/029738/,9 000 руб. - 10 000 руб.
2024-06-05,Sokolov,1.2,10773.0,БК СЕРЬГИ,8978.0,Дополнительная скидка по акции «Готовимся к лету!» ЕЩЁ -10%,https://sokolov.ru/jewelry-catalog/product/029806/,8 000 руб. - 9 000 руб.
2024-06-05,Sokolov,1.84,16443.0,БК СЕРЬГИ,8936.0,Дополнительная скидка по акции «Готовимся к лету!» ЕЩЁ -10%,https://sokolov.ru/jewelry-catalog/product/029858/,8 000 руб. - 9 000 руб.
2024-06-05,Sokolov,3.44,31500.0,БК СЕРЬГИ,9157.0,нет скидочного купона,https://sokolov.ru/jewelry-catalog/product/029869/,9 000 руб. - 10 000 руб.
2024-06-05,Sokolov,1.6,17010.0,БК СЕРЬГИ,10631.0,Дополнительная скидка по акции «Готовимся к лету!» ЕЩЁ -10%,https://sokolov.ru/jewelry-catalog/product/029874/,свыше 10 000 руб.
2024-06-05,Sokolov,1.65,15120.0,БК СЕРЬГИ,9164.0,нет скидочного купона,https://sokolov.ru/jewelry-catalog/product/029893/,9 000 руб. - 10 000 руб.
2024-06-05,Sokolov,3.04,28350.0,БК СЕРЬГИ,9326.0,Дополнительная скидка по акции «Готовимся к лету!» ЕЩЁ -10%,https://sokolov.ru/jewelry-catalog/product/029915/,9 000 руб. - 10 000 руб.
2024-06-05,Sokolov,1.62,14112.0,БК СЕРЬГИ,8711.0,Дополнительная скидка по акции «Готовимся к лету!» ЕЩЁ -20%,https://sokolov.ru/jewelry-catalog/product/029919/,8 000 руб. - 9 000 руб.
2024-06-05,Sokolov,2.85,27216.0,БК СЕРЬГИ,9549.0,Дополнительная скидка по акции «Готовимся к лету!» ЕЩЁ -10%,https://sokolov.ru/jewelry-catalog/product/029924/,9 000 руб. - 10 000 руб.
2024-06-05,Sokolov,1.27,11592.0,БК СЕРЬГИ,9128.0,Дополнительная скидка по акции «Готовимся к лету!» ЕЩЁ -20%,https://sokolov.ru/jewelry-catalog/product/029966/,9 000 руб. - 10 000 руб.
2024-06-05,Sokolov,0.43,4284.0,БК ПОДВЕС КУЛЬТ,9963.0,Дополнительная скидка по акции «Готовимся к лету!» ЕЩЁ -20%,https://sokolov.ru/jewelry-catalog/product/030051/,9 000 руб. - 10 000 руб.
2024-06-05,Sokolov,0.57,5670.0,БК ПОДВЕС ДЕКОР,9947.0,Дополнительная скидка по акции «Готовимся к лету!» ЕЩЁ -10%,https://sokolov.ru/jewelry-catalog/product/030755/,9 000 руб. - 10 000 руб.
2024-06-05,Sokolov,0.24,2973.6000000000004,БК ПОДВЕС ДЕКОР,12390.0,Дополнительная скидка по акции «Готовимся к лету!» ЕЩЁ -10%,https://sokolov.ru/jewelry-catalog/product/030860/,свыше 10 000 руб.
2024-06-05,Sokolov,0.79,7654.5,БК ПОДВЕС ДЕКОР,9689.0,Дополнительная скидка по акции «Готовимся к лету!» ЕЩЁ -10%,https://sokolov.ru/jewelry-catalog/product/033907/,9 000 руб. - 10 000 руб.
2024-06-05,Sokolov,0.64,6048.0,БК ПОДВЕС ДЕКОР,9450.0,Дополнительная скидка по акции «Готовимся к лету!» ЕЩЁ -20%,https://sokolov.ru/jewelry-catalog/product/034948/,9 000 руб. - 10 000 руб.
2024-06-05,Sokolov,0.55,6237.0,БК ПОДВЕС ДЕКОР,11340.0,Дополнительная скидка по акции «Готовимся к лету!» ЕЩЁ -10%,https://sokolov.ru/jewelry-catalog/product/035272/,свыше 10 000 руб.
2024-06-05,Sokolov,0.8,7087.5,БК ПОДВЕС ДЕКОР,8859.0,Дополнительная скидка по акции «Готовимся к лету!» ЕЩЁ -10%,https://sokolov.ru/jewelry-catalog/product/035855/,8 000 руб. - 9 000 руб.
2024-06-05,Sokolov,0.5,5386.5,БК ПОДВЕС ДЕКОР,10773.0,Дополнительная скидка по акции «Готовимся к лету!» ЕЩЁ -10%,https://sokolov.ru/jewelry-catalog/product/035930/,свыше 10 000 руб.
2024-06-05,Sokolov,1.51,15025.5,БК ПОДВЕС ДЕКОР,9951.0,Дополнительная скидка по акции «Готовимся к лету!» ЕЩЁ -10%,https://sokolov.ru/jewelry-catalog/product/036071/,9 000 руб. - 10 000 руб.
2024-06-05,Sokolov,0.53,4284.0,БК ПОДВЕС ДЕКОР,8083.0,Дополнительная скидка по акции «Готовимся к лету!» ЕЩЁ -20%,https://sokolov.ru/jewelry-catalog/product/036074/,8 000 руб. - 9 000 руб.
2024-06-05,Sokolov,0.85,7875.0,БК ПОДВЕС ДЕКОР,9265.0,нет скидочного купона,https://sokolov.ru/jewelry-catalog/product/036421/,9 000 руб. - 10 000 руб.
2024-06-05,Sokolov,0.39,4107.6,БК ПОДВЕС ДЕКОР,10532.0,Дополнительная скидка по акции «Готовимся к лету!» ЕЩЁ -10%,https://sokolov.ru/jewelry-catalog/product/036461/,свыше 10 000 руб.
2024-06-05,Sokolov,0.46,4095.0,БК ПОДВЕС ДЕКОР,8902.0,нет скидочного купона,https://sokolov.ru/jewelry-catalog/product/036489/,8 000 руб. - 9 000 руб.
2024-06-05,Sokolov,0.36,3147.2,БК ПОДВЕС ДЕКОР,8742.0,Дополнительная скидка по акции «Готовимся к лету!» ЕЩЁ -20%,https://sokolov.ru/jewelry-catalog/product/036533/,8 000 руб. - 9 000 руб.
2024-06-05,Sokolov,0.37,3934.0,БК ПОДВЕС ДЕКОР,10632.0,нет скидочного купона,https://sokolov.ru/jewelry-catalog/product/036555/,свыше 10 000 руб.
2024-06-05,Sokolov,5.09,46777.5,ЦБ БРАСЛЕТЫ,9190.0,Дополнительная скидка по акции «Готовимся к лету!» ЕЩЁ -10%,https://sokolov.ru/jewelry-catalog/product/050367/,9 000 руб. - 10 000 руб.
2024-06-05,Sokolov,3.35,34020.0,ЦБ БРАСЛЕТЫ,10155.0,Дополнительная скидка по акции «Готовимся к лету!» ЕЩЁ -10%,https://sokolov.ru/jewelry-catalog/product/050793/,свыше 10 000 руб.
2024-06-05,Sokolov,1.78,18427.5,ЦБ БРАСЛЕТЫ,10353.0,Дополнительная скидка по акции «Готовимся к лету!» ЕЩЁ -10%,https://sokolov.ru/jewelry-catalog/product/050900/,свыше 10 000 руб.
2024-06-05,Sokolov,5.76,53550.0,ЦБ БРАСЛЕТЫ,9297.0,нет скидочного купона,https://sokolov.ru/jewelry-catalog/product/050903/,9 000 руб. - 10 000 руб.
2024-06-05,Sokolov,4.3,36540.0,ЦБ БРАСЛЕТЫ,8498.0,Дополнительная скидка по акции «Готовимся к лету!» ЕЩЁ -20%,https://sokolov.ru/jewelry-catalog/product/051190/,8 000 руб. - 9 000 руб.
2024-06-05,Sokolov,2.63,26365.5,ЦБ БРАСЛЕТЫ,10025.0,Дополнительная скидка по акции «Готовимся к лету!» ЕЩЁ -10%,https://sokolov.ru/jewelry-catalog/product/051200/,свыше 10 000 руб.
2024-06-05,Sokolov,1.46,15750.0,ЦБ БРАСЛЕТЫ,10788.0,нет скидочного купона,https://sokolov.ru/jewelry-catalog/product/051265/,свыше 10 000 руб.
2024-06-05,Sokolov,0.6,6520.5,ЦБ БРАСЛЕТЫ,10868.0,Дополнительная скидка по акции «Готовимся к лету!» ЕЩЁ -10%,https://sokolov.ru/jewelry-catalog/product/051356/,свыше 10 000 руб.
2024-06-05,Sokolov,2.3,19656.0,ЦБ БРАСЛЕТЫ,8546.0,Дополнительная скидка по акции «Готовимся к лету!» ЕЩЁ -20%,https://sokolov.ru/jewelry-catalog/product/051379/,8 000 руб. - 9 000 руб.
2024-06-05,Sokolov,2.44,20916.0,ЦБ БРАСЛЕТЫ,8572.0,Дополнительная скидка по акции «Готовимся к лету!» ЕЩЁ -20%,https://sokolov.ru/jewelry-catalog/product/051380/,8 000 руб. - 9 000 руб.
2024-06-05,Sokolov,2.91,27720.0,ЦБ БРАСЛЕТЫ,9526.0,Дополнительная скидка по акции «Готовимся к лету!» ЕЩЁ -20%,https://sokolov.ru/jewelry-catalog/product/051404/,9 000 руб. - 10 000 руб.
2024-06-05,Sokolov,2.73,27783.0,ЦБ БРАСЛЕТЫ,10177.0,Дополнительная скидка по акции «Готовимся к лету!» ЕЩЁ -10%,https://sokolov.ru/jewelry-catalog/product/051411/,свыше 10 000 руб.
2024-06-05,Sokolov,0.83,8221.5,ЦБ БРАСЛЕТЫ,9905.0,Дополнительная скидка по акции «Готовимся к лету!» ЕЩЁ -10%,https://sokolov.ru/jewelry-catalog/product/051426/,9 000 руб. - 10 000 руб.
2024-06-05,Sokolov,0.55,5386.5,БК ПОДВЕС КУЛЬТ,9794.0,Дополнительная скидка по акции «Готовимся к лету!» ЕЩЁ -10%,https://sokolov.ru/jewelry-catalog/product/104000/,9 000 руб. - 10 000 руб.
2024-06-05,Sokolov,0.55,5670.0,БК ПОДВЕС КУЛЬТ,10309.0,Дополнительная скидка по акции «Готовимся к лету!» ЕЩЁ -10%,https://sokolov.ru/jewelry-catalog/product/104004/,свыше 10 000 руб.
2024-06-05,Sokolov,1.49,15025.5,БК ПОДВЕС ДЕКОР,10084.0,Дополнительная скидка по акции «Готовимся к лету!» ЕЩЁ -10%,https://sokolov.ru/jewelry-catalog/product/104205/,свыше 10 000 руб.
2024-06-05,Sokolov,1.9,19845.0,БК КОЛЬЦА ОБРУЧ,10445.0,нет скидочного купона,https://sokolov.ru/jewelry-catalog/product/110126/,свыше 10 000 руб.
2024-06-05,Sokolov,2.77,21420.0,БК КОЛЬЦА ОБРУЧ,7733.0,нет скидочного купона,https://sokolov.ru/jewelry-catalog/product/110167/,7 000 руб. - 8 000 руб.
2024-06-05,Sokolov,3.37,29925.0,БК КОЛЬЦА ОБРУЧ,8880.0,нет скидочного купона,https://sokolov.ru/jewelry-catalog/product/110217/,8 000 руб. - 9 000 руб.
2024-06-05,Sokolov,0.94,10395.0,БК ПОДВЕС КУЛЬТ,11059.0,нет скидочного купона,https://sokolov.ru/jewelry-catalog/product/120079/,свыше 10 000 руб.
2024-06-05,Sokolov,0.7,7087.5,БК ПОДВЕС КУЛЬТ,10125.0,Дополнительная скидка по акции «Готовимся к лету!» ЕЩЁ -10%,https://sokolov.ru/jewelry-catalog/product/120089/,свыше 10 000 руб.
2024-06-05,Sokolov,0.79,8505.0,БК ПОДВЕС КУЛЬТ,10766.0,Дополнительная скидка по акции «Готовимся к лету!» ЕЩЁ -10%,https://sokolov.ru/jewelry-catalog/product/120092/,свыше 10 000 руб.
2024-06-05,Sokolov,0.62,6520.5,БК ПОДВЕС КУЛЬТ,10517.0,Дополнительная скидка по акции «Готовимся к лету!» ЕЩЁ -10%,https://sokolov.ru/jewelry-catalog/product/120130/,свыше 10 000 руб.
2024-06-05,Sokolov,0.68,6048.0,БК ПОДВЕС КУЛЬТ,8894.0,Дополнительная скидка по акции «Готовимся к лету!» ЕЩЁ -20%,https://sokolov.ru/jewelry-catalog/product/120187/,8 000 руб. - 9 000 руб.
2024-06-05,Sokolov,0.41,4536.0,БК ПОДВЕС КУЛЬТ,11063.0,Дополнительная скидка по акции «Готовимся к лету!» ЕЩЁ -10%,https://sokolov.ru/jewelry-catalog/product/120192/,свыше 10 000 руб.
2024-06-05,Sokolov,1.41,14175.0,БК ПОДВЕС КУЛЬТ,10053.0,Дополнительная скидка по акции «Готовимся к лету!» ЕЩЁ -10%,https://sokolov.ru/jewelry-catalog/product/120298/,свыше 10 000 руб.
2024-06-05,Sokolov,1.21,11970.0,БК ПОДВЕС КУЛЬТ,9893.0,нет скидочного купона,https://sokolov.ru/jewelry-catalog/product/121023/,9 000 руб. - 10 000 руб.
2024-06-05,Sokolov,0.73,6552.0,БК ПОДВЕС КУЛЬТ,8975.0,Дополнительная скидка по акции «Готовимся к лету!» ЕЩЁ -20%,https://sokolov.ru/jewelry-catalog/product/121137/,8 000 руб. - 9 000 руб.
2024-06-05,Sokolov,0.73,7875.0,БК ПОДВЕС КУЛЬТ,10788.0,нет скидочного купона,https://sokolov.ru/jewelry-catalog/product/121138/,свыше 10 000 руб.
2024-06-05,Sokolov,0.84,9450.0,БК ПОДВЕС КУЛЬТ,11250.0,нет скидочного купона,https://sokolov.ru/jewelry-catalog/product/121141/,свыше 10 000 руб.
2024-06-05,Sokolov,0.74,7875.0,БК ПОДВЕС КУЛЬТ,10642.0,нет скидочного купона,https://sokolov.ru/jewelry-catalog/product/121142/,свыше 10 000 руб.
2024-06-05,Sokolov,0.48,5953.5,БК ПОДВЕС КУЛЬТ,12403.0,Дополнительная скидка по акции «Готовимся к лету!» ЕЩЁ -10%,https://sokolov.ru/jewelry-catalog/product/121145/,свыше 10 000 руб.
2024-06-05,Sokolov,0.73,8190.0,БК ПОДВЕС КУЛЬТ,11219.0,нет скидочного купона,https://sokolov.ru/jewelry-catalog/product/121206/,свыше 10 000 руб.
2024-06-05,Sokolov,0.69,7654.5,БК ПОДВЕС КУЛЬТ,11093.0,Дополнительная скидка по акции «Готовимся к лету!» ЕЩЁ -10%,https://sokolov.ru/jewelry-catalog/product/121207/,свыше 10 000 руб.
2024-06-05,Sokolov,0.66,6300.0,БК ПОДВЕС КУЛЬТ,9545.0,нет скидочного купона,https://sokolov.ru/jewelry-catalog/product/121209/,9 000 руб. - 10 000 руб.
2024-06-05,Sokolov,3.61,26250.0,БК ПОДВЕС КУЛЬТ,7271.0,нет скидочного купона,https://sokolov.ru/jewelry-catalog/product/121232/,7 000 руб. - 8 000 руб.
2024-06-05,Sokolov,1.27,12096.0,БК ПОДВЕС КУЛЬТ,9524.0,Дополнительная скидка по акции «Готовимся к лету!» ЕЩЁ -20%,https://sokolov.ru/jewelry-catalog/product/121234/,9 000 руб. - 10 000 руб.
2024-06-05,Sokolov,0.43,4819.5,БК ПОДВЕС КУЛЬТ,11208.0,Дополнительная скидка по акции «Готовимся к лету!» ЕЩЁ -10%,https://sokolov.ru/jewelry-catalog/product/121253/,свыше 10 000 руб.
2024-06-05,Sokolov,3.34,34650.0,БК ПОДВЕС КУЛЬТ,10374.0,нет скидочного купона,https://sokolov.ru/jewelry-catalog/product/121304/,свыше 10 000 руб.
2024-06-05,Sokolov,0.48,5670.0,БК ПОДВЕС КУЛЬТ,11812.0,Дополнительная скидка по акции «Готовимся к лету!» ЕЩЁ -10%,https://sokolov.ru/jewelry-catalog/product/121376/,свыше 10 000 руб.
2024-06-05,Sokolov,0.47,4819.5,БК ПОДВЕС КУЛЬТ,10254.0,Дополнительная скидка по акции «Готовимся к лету!» ЕЩЁ -10%,https://sokolov.ru/jewelry-catalog/product/121377/,свыше 10 000 руб.
2024-06-05,Sokolov,0.53,5386.5,БК ПОДВЕС КУЛЬТ,10163.0,Дополнительная скидка по акции «Готовимся к лету!» ЕЩЁ -10%,https://sokolov.ru/jewelry-catalog/product/121378/,свыше 10 000 руб.
2024-06-05,Sokolov,0.51,5355.0,БК ПОДВЕС КУЛЬТ,10500.0,нет скидочного купона,https://sokolov.ru/jewelry-catalog/product/121379/,свыше 10 000 руб.
2024-06-05,Sokolov,2.0,19845.0,БК ПОДВЕС КУЛЬТ,9922.0,Дополнительная скидка по акции «Готовимся к лету!» ЕЩЁ -10%,https://sokolov.ru/jewelry-catalog/product/121395/,9 000 руб. - 10 000 руб.
2024-06-05,Sokolov,1.54,15750.0,БК ПОДВЕС КУЛЬТ,10227.0,нет скидочного купона,https://sokolov.ru/jewelry-catalog/product/121399/,свыше 10 000 руб.
2024-06-05,Sokolov,3.55,31500.0,БК ПОДВЕС КУЛЬТ,8873.0,нет скидочного купона,https://sokolov.ru/jewelry-catalog/product/121401/,8 000 руб. - 9 000 руб.
2024-06-05,Sokolov,0.59,5670.0,БК СЕРЬГИ,9610.0,Дополнительная скидка по акции «Готовимся к лету!» ЕЩЁ -10%,https://sokolov.ru/jewelry-catalog/product/140001/,9 000 руб. - 10 000 руб.
2024-06-05,Sokolov,1.15,12600.0,БК СЕРЬГИ,10957.0,нет скидочного купона,https://sokolov.ru/jewelry-catalog/product/140002/,свыше 10 000 руб.
2024-06-05,Sokolov,1.74,15624.0,БК СЕРЬГИ,8979.0,Дополнительная скидка по акции «Готовимся к лету!» ЕЩЁ -20%,https://sokolov.ru/jewelry-catalog/product/140003/,8 000 руб. - 9 000 руб.
2024-06-05,Sokolov,2.32,19656.0,БК СЕРЬГИ,8472.0,Дополнительная скидка по акции «Готовимся к лету!» ЕЩЁ -20%,https://sokolov.ru/jewelry-catalog/product/140004/,8 000 руб. - 9 000 руб.
2024-06-05,Sokolov,2.89,23940.0,БК СЕРЬГИ,8284.0,нет скидочного купона,https://sokolov.ru/jewelry-catalog/product/140005/,8 000 руб. - 9 000 руб.
2024-06-05,Sokolov,0.67,6615.0,БК СЕРЬГИ,9873.0,нет скидочного купона,https://sokolov.ru/jewelry-catalog/product/140006/,9 000 руб. - 10 000 руб.
2024-06-05,Sokolov,1.3,11025.0,БК СЕРЬГИ,8481.0,нет скидочного купона,https://sokolov.ru/jewelry-catalog/product/140007/,8 000 руб. - 9 000 руб.
2024-06-05,Sokolov,2.05,15120.0,БК СЕРЬГИ,7376.0,нет скидочного купона,https://sokolov.ru/jewelry-catalog/product/140008/,7 000 руб. - 8 000 руб.
2024-06-05,Sokolov,2.05,15120.0,БК СЕРЬГИ,7376.0,нет скидочного купона,https://sokolov.ru/jewelry-catalog/product/140008?reviews/,7 000 руб. - 8 000 руб.
2024-06-05,Sokolov,2.72,21546.0,БК СЕРЬГИ,7921.0,Дополнительная скидка по акции «Готовимся к лету!» ЕЩЁ -10%,https://sokolov.ru/jewelry-catalog/product/140009/,7 000 руб. - 8 000 руб.
2024-06-05,Sokolov,2.72,23940.0,БК СЕРЬГИ,8801.0,нет скидочного купона,https://sokolov.ru/jewelry-catalog/product/140009?reviews/,8 000 руб. - 9 000 руб.
2024-06-05,Sokolov,3.38,26082.0,БК СЕРЬГИ,7717.0,Дополнительная скидка по акции «Готовимся к лету!» ЕЩЁ -10%,https://sokolov.ru/jewelry-catalog/product/140010/,7 000 руб. - 8 000 руб.
2024-06-05,Sokolov,3.38,28980.0,БК СЕРЬГИ,8574.0,нет скидочного купона,https://sokolov.ru/jewelry-catalog/product/140010?reviews/,8 000 руб. - 9 000 руб.
2024-06-05,Sokolov,0.62,6520.5,БК СЕРЬГИ,10517.0,Дополнительная скидка по акции «Готовимся к лету!» ЕЩЁ -10%,https://sokolov.ru/jewelry-catalog/product/140011/,свыше 10 000 руб.
2024-06-05,Sokolov,0.62,7245.0,БК СЕРЬГИ,11685.0,нет скидочного купона,https://sokolov.ru/jewelry-catalog/product/140011?reviews/,свыше 10 000 руб.
2024-06-05,Sokolov,3.67,28350.0,БК СЕРЬГИ,7725.0,Дополнительная скидка по акции «Готовимся к лету!» ЕЩЁ -10%,https://sokolov.ru/jewelry-catalog/product/140016/,7 000 руб. - 8 000 руб.
2024-06-05,Sokolov,3.67,31500.0,БК СЕРЬГИ,8583.0,нет скидочного купона,https://sokolov.ru/jewelry-catalog/product/140016?reviews/,8 000 руб. - 9 000 руб.
2024-06-05,Sokolov,2.61,22680.0,БК СЕРЬГИ,8690.0,Дополнительная скидка по акции «Готовимся к лету!» ЕЩЁ -20%,https://sokolov.ru/jewelry-catalog/product/140046/,8 000 руб. - 9 000 руб.
2024-06-05,Sokolov,2.61,28350.0,БК СЕРЬГИ,10862.0,нет скидочного купона,https://sokolov.ru/jewelry-catalog/product/140046?reviews/,свыше 10 000 руб.
2024-06-05,Sokolov,0.87,8190.0,БК СЕРЬГИ,9414.0,нет скидочного купона,https://sokolov.ru/jewelry-catalog/product/140058/,9 000 руб. - 10 000 руб.
2024-06-05,Sokolov,0.87,8190.0,БК СЕРЬГИ,9414.0,нет скидочного купона,https://sokolov.ru/jewelry-catalog/product/140058?reviews/,9 000 руб. - 10 000 руб.
2024-06-05,Sokolov,1.45,13230.0,БК СЕРЬГИ,9124.0,нет скидочного купона,https://sokolov.ru/jewelry-catalog/product/140059/,9 000 руб. - 10 000 руб.
2024-06-05,Sokolov,1.45,13230.0,БК СЕРЬГИ,9124.0,нет скидочного купона,https://sokolov.ru/jewelry-catalog/product/140059?reviews/,9 000 руб. - 10 000 руб.
2024-06-05,Sokolov,0.99,10080.0,БК СЕРЬГИ,10182.0,нет скидочного купона,https://sokolov.ru/jewelry-catalog/product/140062/,свыше 10 000 руб.
2024-06-05,Sokolov,0.99,10080.0,БК СЕРЬГИ,10182.0,нет скидочного купона,https://sokolov.ru/jewelry-catalog/product/140062?reviews/,свыше 10 000 руб.
2024-06-05,Sokolov,1.65,16380.0,БК СЕРЬГИ,9927.0,нет скидочного купона,https://sokolov.ru/jewelry-catalog/product/140063/,9 000 руб. - 10 000 руб.
2024-06-05,Sokolov,1.65,16380.0,БК СЕРЬГИ,9927.0,нет скидочного купона,https://sokolov.ru/jewelry-catalog/product/140063?reviews/,9 000 руб. - 10 000 руб.
2024-06-05,Sokolov,3.06,24381.0,БК СЕРЬГИ,7968.0,Дополнительная скидка по акции «Готовимся к лету!» ЕЩЁ -10%,https://sokolov.ru/jewelry-catalog/product/140065/,7 000 руб. - 8 000 руб.
2024-06-05,Sokolov,3.06,27090.0,БК СЕРЬГИ,8853.0,нет скидочного купона,https://sokolov.ru/jewelry-catalog/product/140065?reviews/,8 000 руб. - 9 000 руб.
2024-06-05,Sokolov,0.91,9135.0,БК СЕРЬГИ,10038.0,нет скидочного купона,https://sokolov.ru/jewelry-catalog/product/140066/,свыше 10 000 руб.
2024-06-05,Sokolov,0.91,9135.0,БК СЕРЬГИ,10038.0,нет скидочного купона,https://sokolov.ru/jewelry-catalog/product/140066?reviews/,свыше 10 000 руб.
2024-06-05,Sokolov,1.46,15120.0,БК СЕРЬГИ,10356.0,нет скидочного купона,https://sokolov.ru/jewelry-catalog/product/140067/,свыше 10 000 руб.
2024-06-05,Sokolov,1.46,15120.0,БК СЕРЬГИ,10356.0,нет скидочного купона,https://sokolov.ru/jewelry-catalog/product/140067?reviews/,свыше 10 000 руб.
2024-06-05,Sokolov,2.8,19845.0,БК СЕРЬГИ,7088.0,Дополнительная скидка по акции «Готовимся к лету!» ЕЩЁ -10%,https://sokolov.ru/jewelry-catalog/product/140069/,7 000 руб. - 8 000 руб.
2024-06-05,Sokolov,2.8,22050.0,БК СЕРЬГИ,7875.0,нет скидочного купона,https://sokolov.ru/jewelry-catalog/product/140069?reviews/,7 000 руб. - 8 000 руб.
2024-06-05,Sokolov,0.9,8820.0,БК СЕРЬГИ,9800.0,нет скидочного купона,https://sokolov.ru/jewelry-catalog/product/140120/,9 000 руб. - 10 000 руб.
2024-06-05,Sokolov,0.9,8820.0,БК СЕРЬГИ,9800.0,нет скидочного купона,https://sokolov.ru/jewelry-catalog/product/140120?reviews/,9 000 руб. - 10 000 руб.
2024-06-05,Sokolov,1.22,11340.0,БК СЕРЬГИ,9295.0,нет скидочного купона,https://sokolov.ru/jewelry-catalog/product/140121/,9 000 руб. - 10 000 руб.
2024-06-05,Sokolov,1.22,11340.0,БК СЕРЬГИ,9295.0,нет скидочного купона,https://sokolov.ru/jewelry-catalog/product/140121?reviews/,9 000 руб. - 10 000 руб.
2024-06-05,Sokolov,1.65,14112.0,БК СЕРЬГИ,8553.0,Дополнительная скидка по акции «Готовимся к лету!» ЕЩЁ -20%,https://sokolov.ru/jewelry-catalog/product/140138/,8 000 руб. - 9 000 руб.
2024-06-05,Sokolov,1.65,17640.0,БК СЕРЬГИ,10691.0,нет скидочного купона,https://sokolov.ru/jewelry-catalog/product/140138?reviews/,свыше 10 000 руб.
2024-06-05,Sokolov,1.49,11907.0,БК СЕРЬГИ,7991.0,Дополнительная скидка по акции «Готовимся к лету!» ЕЩЁ -10%,https://sokolov.ru/jewelry-catalog/product/140154/,7 000 руб. - 8 000 руб.
2024-06-05,Sokolov,1.49,13230.0,БК СЕРЬГИ,8879.0,нет скидочного купона,https://sokolov.ru/jewelry-catalog/product/140154?reviews/,8 000 руб. - 9 000 руб.
2024-06-05,Sokolov,0.33,3402.0,БК СЕРЬГИ,10309.0,Дополнительная скидка по акции «Готовимся к лету!» ЕЩЁ -10%,https://sokolov.ru/jewelry-catalog/product/170001/,свыше 10 000 руб.
2024-06-05,Sokolov,0.33,3780.0,БК СЕРЬГИ,11455.0,нет скидочного купона,https://sokolov.ru/jewelry-catalog/product/170001?reviews/,свыше 10 000 руб.
2024-06-05,Sokolov,0.3,3402.0,БК СЕРЬГИ,11340.0,Дополнительная скидка по акции «Готовимся к лету!» ЕЩЁ -10%,https://sokolov.ru/jewelry-catalog/product/170002/,свыше 10 000 руб.
2024-06-05,Sokolov,0.3,3780.0,БК СЕРЬГИ,12600.0,нет скидочного купона,https://sokolov.ru/jewelry-catalog/product/170002?reviews/,свыше 10 000 руб.
2024-06-05,Sokolov,0.47,4819.5,БК СЕРЬГИ,10254.0,Дополнительная скидка по акции «Готовимся к лету!» ЕЩЁ -10%,https://sokolov.ru/jewelry-catalog/product/170037/,свыше 10 000 руб.
2024-06-05,Sokolov,0.47,5355.0,БК СЕРЬГИ,11394.0,нет скидочного купона,https://sokolov.ru/jewelry-catalog/product/170037?reviews/,свыше 10 000 руб.
2024-06-05,Sokolov,1.01,9355.5,БК СЕРЬГИ,9263.0,Дополнительная скидка по акции «Готовимся к лету!» ЕЩЁ -10%,https://sokolov.ru/jewelry-catalog/product/170040/,9 000 руб. - 10 000 руб.
2024-06-05,Sokolov,1.01,10395.0,БК СЕРЬГИ,10292.0,нет скидочного купона,https://sokolov.ru/jewelry-catalog/product/170040?reviews/,свыше 10 000 руб.
2024-06-05,Sokolov,0.9,9450.0,ЦБ БРАСЛЕТЫ,10500.0,нет скидочного купона,https://sokolov.ru/jewelry-catalog/product/551010252/,свыше 10 000 руб.
2024-06-05,Sokolov,0.9,9450.0,ЦБ БРАСЛЕТЫ,10500.0,нет скидочного купона,https://sokolov.ru/jewelry-catalog/product/551010252?reviews/,свыше 10 000 руб.
2024-06-05,Sokolov,2.83,26145.0,ЦБ БРАСЛЕТЫ,9239.0,нет скидочного купона,https://sokolov.ru/jewelry-catalog/product/551010506/,9 000 руб. - 10 000 руб.
2024-06-05,Sokolov,2.83,26145.0,ЦБ БРАСЛЕТЫ,9239.0,нет скидочного купона,https://sokolov.ru/jewelry-catalog/product/551010506?reviews/,9 000 руб. - 10 000 руб.
2024-06-05,Sokolov,1.92,18900.0,ЦБ БРАСЛЕТЫ,9844.0,нет скидочного купона,https://sokolov.ru/jewelry-catalog/product/551020402/,9 000 руб. - 10 000 руб.
2024-06-05,Sokolov,1.92,18900.0,ЦБ БРАСЛЕТЫ,9844.0,нет скидочного купона,https://sokolov.ru/jewelry-catalog/product/551020402?reviews/,9 000 руб. - 10 000 руб.
2024-06-05,Sokolov,0.66,6300.0,ЦБ БРАСЛЕТЫ,9545.0,Дополнительная скидка по акции «Готовимся к лету!» ЕЩЁ -20%,https://sokolov.ru/jewelry-catalog/product/551060202/,9 000 руб. - 10 000 руб.
2024-06-05,Sokolov,0.66,7875.0,ЦБ БРАСЛЕТЫ,11932.0,нет скидочного купона,https://sokolov.ru/jewelry-catalog/product/551060202?reviews/,свыше 10 000 руб.
2024-06-05,Sokolov,9.5,89775.0,ЦБ БРАСЛЕТЫ,9450.0,нет скидочного купона,https://sokolov.ru/jewelry-catalog/product/551070802/,9 000 руб. - 10 000 руб.
2024-06-05,Sokolov,9.5,89775.0,ЦБ БРАСЛЕТЫ,9450.0,нет скидочного купона,https://sokolov.ru/jewelry-catalog/product/551070802?reviews/,9 000 руб. - 10 000 руб.
2024-06-05,Sokolov,7.48,74025.0,ЦБ БРАСЛЕТЫ,9896.0,нет скидочного купона,https://sokolov.ru/jewelry-catalog/product/551130502/,9 000 руб. - 10 000 руб.
2024-06-05,Sokolov,7.48,74025.0,ЦБ БРАСЛЕТЫ,9896.0,нет скидочного купона,https://sokolov.ru/jewelry-catalog/product/551130502?reviews/,9 000 руб. - 10 000 руб.
2024-06-05,Sokolov,1.17,13545.0,ЦБ БРАСЛЕТЫ,11577.0,нет скидочного купона,https://sokolov.ru/jewelry-catalog/product/552010406/,свыше 10 000 руб.
2024-06-05,Sokolov,1.17,13545.0,ЦБ БРАСЛЕТЫ,11577.0,нет скидочного купона,https://sokolov.ru/jewelry-catalog/product/552010406?reviews/,свыше 10 000 руб.
2024-06-05,Sokolov,2.93,28980.0,ЦБ БРАСЛЕТЫ,9891.0,нет скидочного купона,https://sokolov.ru/jewelry-catalog/product/552020702/,9 000 руб. - 10 000 руб.
2024-06-05,Sokolov,2.93,28980.0,ЦБ БРАСЛЕТЫ,9891.0,нет скидочного купона,https://sokolov.ru/jewelry-catalog/product/552020702?reviews/,9 000 руб. - 10 000 руб.
2024-06-05,Sokolov,2.99,31185.0,ЦБ БРАСЛЕТЫ,10430.0,Дополнительная скидка по акции «Готовимся к лету!» ЕЩЁ -10%,https://sokolov.ru/jewelry-catalog/product/552070602/,свыше 10 000 руб.
2024-06-05,Sokolov,2.99,34650.0,ЦБ БРАСЛЕТЫ,11589.0,нет скидочного купона,https://sokolov.ru/jewelry-catalog/product/552070602?reviews/,свыше 10 000 руб.
2024-06-05,Sokolov,2.88,28350.0,ЦБ ЦЕПИ,9844.0,нет скидочного купона,https://sokolov.ru/jewelry-catalog/product/581030408-3/,9 000 руб. - 10 000 руб.
2024-06-05,Sokolov,2.88,28350.0,ЦБ ЦЕПИ,9844.0,нет скидочного купона,https://sokolov.ru/jewelry-catalog/product/581030408-3?reviews/,9 000 руб. - 10 000 руб.
2024-06-05,Sokolov,5.06,40950.0,ЦБ ЦЕПИ,8093.0,нет скидочного купона,https://sokolov.ru/jewelry-catalog/product/581050402/,8 000 руб. - 9 000 руб.
2024-06-05,Sokolov,5.06,40950.0,ЦБ ЦЕПИ,8093.0,нет скидочного купона,https://sokolov.ru/jewelry-catalog/product/581050402?reviews/,8 000 руб. - 9 000 руб.
2024-06-05,Sokolov,14.22,130725.0,ЦБ ЦЕПИ,9193.0,нет скидочного купона,https://sokolov.ru/jewelry-catalog/product/581070602/,9 000 руб. - 10 000 руб.
2024-06-05,Sokolov,14.22,130725.0,ЦБ ЦЕПИ,9193.0,нет скидочного купона,https://sokolov.ru/jewelry-catalog/product/581070602?reviews/,9 000 руб. - 10 000 руб.
2024-06-05,Sokolov,6.7,59850.0,ЦБ ЦЕПИ,8933.0,нет скидочного купона,https://sokolov.ru/jewelry-catalog/product/581100402/,8 000 руб. - 9 000 руб.
2024-06-05,Sokolov,6.7,59850.0,ЦБ ЦЕПИ,8933.0,нет скидочного купона,https://sokolov.ru/jewelry-catalog/product/581100402?reviews/,8 000 руб. - 9 000 руб.
2024-06-05,Sokolov,2.86,23625.0,ЦБ ЦЕПИ,8260.0,нет скидочного купона,https://sokolov.ru/jewelry-catalog/product/581120402/,8 000 руб. - 9 000 руб.
2024-06-05,Sokolov,2.86,23625.0,ЦБ ЦЕПИ,8260.0,нет скидочного купона,https://sokolov.ru/jewelry-catalog/product/581120402?reviews/,8 000 руб. - 9 000 руб.
2024-06-05,Sokolov,5.34,51975.0,ЦБ ЦЕПИ,9733.0,нет скидочного купона,https://sokolov.ru/jewelry-catalog/product/582070502/,9 000 руб. - 10 000 руб.
2024-06-05,Sokolov,5.34,51975.0,ЦБ ЦЕПИ,9733.0,нет скидочного купона,https://sokolov.ru/jewelry-catalog/product/582070502?reviews/,9 000 руб. - 10 000 руб.
2024-06-05,Sokolov,1.72,14175.0,БК КОЛЬЦА,8241.0,Дополнительная скидка по акции «Готовимся к лету!» ЕЩЁ -10%,https://sokolov.ru/jewelry-catalog/product/017265/,8 000 руб. - 9 000 руб.
2024-06-05,Sokolov,1.72,15750.0,БК КОЛЬЦА,9157.0,нет скидочного купона,https://sokolov.ru/jewelry-catalog/product/017265?reviews/,9 000 руб. - 10 000 руб.
2024-06-05,Sokolov,4.2,37800.0,БК КОЛЬЦА,9000.0,нет скидочного купона,https://sokolov.ru/jewelry-catalog/product/018998/,8 000 руб. - 9 000 руб.
2024-06-05,Sokolov,4.2,37800.0,БК КОЛЬЦА,9000.0,нет скидочного купона,https://sokolov.ru/jewelry-catalog/product/018998?reviews/,8 000 руб. - 9 000 руб.
2024-06-05,Sokolov,4.62,40950.0,БК КОЛЬЦА ОБРУЧ,8864.0,нет скидочного купона,https://sokolov.ru/jewelry-catalog/product/111064-01/,8 000 руб. - 9 000 руб.
2024-06-05,Sokolov,4.62,40950.0,БК КОЛЬЦА ОБРУЧ,8864.0,нет скидочного купона,https://sokolov.ru/jewelry-catalog/product/111064-01?reviews/,8 000 руб. - 9 000 руб.
2024-06-05,Sokolov,0.79,6804.0,БК КОЛЬЦА,8613.0,Дополнительная скидка по акции «Готовимся к лету!» ЕЩЁ -10%,https://sokolov.ru/jewelry-catalog/product/019186/,8 000 руб. - 9 000 руб.
2024-06-05,Sokolov,0.79,7560.0,БК КОЛЬЦА,9570.0,нет скидочного купона,https://sokolov.ru/jewelry-catalog/product/019186?reviews/,9 000 руб. - 10 000 руб.
2024-06-05,Sokolov,0.87,9135.0,БК КОЛЬЦА,10500.0,нет скидочного купона,https://sokolov.ru/jewelry-catalog/product/019140/,свыше 10 000 руб.
2024-06-05,Sokolov,0.87,9135.0,БК КОЛЬЦА,10500.0,нет скидочного купона,https://sokolov.ru/jewelry-catalog/product/019140?reviews/,свыше 10 000 руб.
2024-06-05,Sokolov,2.29,17860.5,БК КОЛЬЦА,7799.0,Дополнительная скидка по акции «Готовимся к лету!» ЕЩЁ -10%,https://sokolov.ru/jewelry-catalog/product/019245/,7 000 руб. - 8 000 руб.
2024-06-05,Sokolov,2.29,19845.0,БК КОЛЬЦА,8666.0,нет скидочного купона,https://sokolov.ru/jewelry-catalog/product/019245?reviews/,8 000 руб. - 9 000 руб.
2024-06-05,Sokolov,2.96,26365.5,БК КОЛЬЦА,8907.0,Дополнительная скидка по акции «Готовимся к лету!» ЕЩЁ -10%,https://sokolov.ru/jewelry-catalog/product/011339/,8 000 руб. - 9 000 руб.
2024-06-05,Sokolov,2.96,29295.0,БК КОЛЬЦА,9897.0,нет скидочного купона,https://sokolov.ru/jewelry-catalog/product/011339?reviews/,9 000 руб. - 10 000 руб.
2024-06-05,Sokolov,3.01,25515.0,БК КОЛЬЦА,8477.0,Дополнительная скидка по акции «Готовимся к лету!» ЕЩЁ -10%,https://sokolov.ru/jewelry-catalog/product/012774/,8 000 руб. - 9 000 руб.
2024-06-05,Sokolov,3.01,28350.0,БК КОЛЬЦА,9419.0,нет скидочного купона,https://sokolov.ru/jewelry-catalog/product/012774?reviews/,9 000 руб. - 10 000 руб.
2024-06-05,Sokolov,3.36,29295.0,БК КОЛЬЦА,8719.0,нет скидочного купона,https://sokolov.ru/jewelry-catalog/product/018950/,8 000 руб. - 9 000 руб.
2024-06-05,Sokolov,3.36,29295.0,БК КОЛЬЦА,8719.0,нет скидочного купона,https://sokolov.ru/jewelry-catalog/product/018950?reviews/,8 000 руб. - 9 000 руб.
2024-06-05,Sokolov,2.18,17010.0,БК КОЛЬЦА,7803.0,Дополнительная скидка по акции «Готовимся к лету!» ЕЩЁ -10%,https://sokolov.ru/jewelry-catalog/product/019168/,7 000 руб. - 8 000 руб.
2024-06-05,Sokolov,2.18,18900.0,БК КОЛЬЦА,8670.0,нет скидочного купона,https://sokolov.ru/jewelry-catalog/product/019168?reviews/,8 000 руб. - 9 000 руб.
2024-06-05,Sokolov,1.43,10500.0,БК КОЛЬЦА,7343.0,нет скидочного купона,https://sokolov.ru/jewelry-catalog/product/019183/,7 000 руб. - 8 000 руб.
2024-06-05,Sokolov,1.43,10500.0,БК КОЛЬЦА,7343.0,нет скидочного купона,https://sokolov.ru/jewelry-catalog/product/019183?reviews/,7 000 руб. - 8 000 руб.
2024-06-05,Sokolov,2.63,22680.0,БК КОЛЬЦА,8624.0,Дополнительная скидка по акции «Готовимся к лету!» ЕЩЁ -10%,https://sokolov.ru/jewelry-catalog/product/019329/,8 000 руб. - 9 000 руб.
2024-06-05,Sokolov,2.63,25200.0,БК КОЛЬЦА,9582.0,нет скидочного купона,https://sokolov.ru/jewelry-catalog/product/019329?reviews/,9 000 руб. - 10 000 руб.
2024-06-05,Sokolov,3.14,25200.0,БК КОЛЬЦА ОБРУЧ,8025.0,нет скидочного купона,https://sokolov.ru/jewelry-catalog/product/110181/,8 000 руб. - 9 000 руб.
2024-06-05,Sokolov,3.14,25200.0,БК КОЛЬЦА ОБРУЧ,8025.0,нет скидочного купона,https://sokolov.ru/jewelry-catalog/product/110181?reviews/,8 000 руб. - 9 000 руб.
2024-06-05,Sokolov,1.71,15750.0,БК КОЛЬЦА ОБРУЧ,9211.0,нет скидочного купона,https://sokolov.ru/jewelry-catalog/product/111225/,9 000 руб. - 10 000 руб.
2024-06-05,Sokolov,1.71,15750.0,БК КОЛЬЦА ОБРУЧ,9211.0,нет скидочного купона,https://sokolov.ru/jewelry-catalog/product/111225?reviews/,9 000 руб. - 10 000 руб.
2024-06-05,Sokolov,1.37,12600.0,БК КОЛЬЦА,9197.0,нет скидочного купона,https://sokolov.ru/jewelry-catalog/product/017309/,9 000 руб. - 10 000 руб.
2024-06-05,Sokolov,1.37,12600.0,БК КОЛЬЦА,9197.0,нет скидочного купона,https://sokolov.ru/jewelry-catalog/product/017309?reviews/,9 000 руб. - 10 000 руб.
2024-06-05,Sokolov,2.26,17010.0,БК КОЛЬЦА,7527.0,Дополнительная скидка по акции «Готовимся к лету!» ЕЩЁ -10%,https://sokolov.ru/jewelry-catalog/product/018853/,7 000 руб. - 8 000 руб.
2024-06-05,Sokolov,2.26,18900.0,БК КОЛЬЦА,8363.0,нет скидочного купона,https://sokolov.ru/jewelry-catalog/product/018853?reviews/,8 000 руб. - 9 000 руб.
2024-06-05,Sokolov,1.37,12096.0,БК КОЛЬЦА,8829.0,Дополнительная скидка по акции «Готовимся к лету!» ЕЩЁ -20%,https://sokolov.ru/jewelry-catalog/product/017264/,8 000 руб. - 9 000 руб.
2024-06-05,Sokolov,1.37,15120.0,БК КОЛЬЦА,11036.0,нет скидочного купона,https://sokolov.ru/jewelry-catalog/product/017264?reviews/,свыше 10 000 руб.
2024-06-05,Sokolov,1.63,13356.0,БК КОЛЬЦА,8194.0,Дополнительная скидка по акции «Готовимся к лету!» ЕЩЁ -20%,https://sokolov.ru/jewelry-catalog/product/017333/,8 000 руб. - 9 000 руб.
2024-06-05,Sokolov,1.63,16695.0,БК КОЛЬЦА,10242.0,нет скидочного купона,https://sokolov.ru/jewelry-catalog/product/017333?reviews/,свыше 10 000 руб.
2024-06-05,Sokolov,1.53,12190.5,БК КОЛЬЦА,7968.0,Дополнительная скидка по акции «Готовимся к лету!» ЕЩЁ -10%,https://sokolov.ru/jewelry-catalog/product/018082/,7 000 руб. - 8 000 руб.
2024-06-05,Sokolov,1.53,13545.0,БК КОЛЬЦА,8853.0,нет скидочного купона,https://sokolov.ru/jewelry-catalog/product/018082?reviews/,8 000 руб. - 9 000 руб.
2024-06-05,Sokolov,4.1,34020.0,БК КОЛЬЦА,8298.0,Дополнительная скидка по акции «Готовимся к лету!» ЕЩЁ -10%,https://sokolov.ru/jewelry-catalog/product/018685/,8 000 руб. - 9 000 руб.
2024-06-05,Sokolov,4.1,37800.0,БК КОЛЬЦА,9220.0,нет скидочного купона,https://sokolov.ru/jewelry-catalog/product/018685?reviews/,9 000 руб. - 10 000 руб.
2024-06-05,Sokolov,3.94,31185.0,БК КОЛЬЦА,7915.0,Дополнительная скидка по акции «Готовимся к лету!» ЕЩЁ -10%,https://sokolov.ru/jewelry-catalog/product/018721/,7 000 руб. - 8 000 руб.
2024-06-05,Sokolov,3.94,34650.0,БК КОЛЬЦА,8794.0,нет скидочного купона,https://sokolov.ru/jewelry-catalog/product/018721?reviews/,8 000 руб. - 9 000 руб.
2024-06-05,Sokolov,2.61,28350.0,БК КОЛЬЦА,10862.0,нет скидочного купона,https://sokolov.ru/jewelry-catalog/product/018742/,свыше 10 000 руб.
2024-06-05,Sokolov,2.61,28350.0,БК КОЛЬЦА,10862.0,нет скидочного купона,https://sokolov.ru/jewelry-catalog/product/018742?reviews/,свыше 10 000 руб.
2024-06-05,Sokolov,1.67,13860.0,БК КОЛЬЦА,8299.0,Дополнительная скидка по акции «Готовимся к лету!» ЕЩЁ -20%,https://sokolov.ru/jewelry-catalog/product/018778/,8 000 руб. - 9 000 руб.
2024-06-05,Sokolov,1.67,17325.0,БК КОЛЬЦА,10374.0,нет скидочного купона,https://sokolov.ru/jewelry-catalog/product/018778?reviews/,свыше 10 000 руб.
2024-06-05,Sokolov,2.36,22050.0,БК КОЛЬЦА,9343.0,нет скидочного купона,https://sokolov.ru/jewelry-catalog/product/018859/,9 000 руб. - 10 000 руб.
2024-06-05,Sokolov,2.36,22050.0,БК КОЛЬЦА,9343.0,нет скидочного купона,https://sokolov.ru/jewelry-catalog/product/018859?reviews/,9 000 руб. - 10 000 руб.
2024-06-05,Sokolov,1.68,13545.0,БК КОЛЬЦА,8062.0,нет скидочного купона,https://sokolov.ru/jewelry-catalog/product/018860/,8 000 руб. - 9 000 руб.
2024-06-05,Sokolov,2.92,21000.0,БК КОЛЬЦА,7192.0,нет скидочного купона,https://sokolov.ru/jewelry-catalog/product/018889/,7 000 руб. - 8 000 руб.
2024-06-05,Sokolov,2.92,21000.0,БК КОЛЬЦА,7192.0,нет скидочного купона,https://sokolov.ru/jewelry-catalog/product/018889?reviews/,7 000 руб. - 8 000 руб.
2024-06-05,Sokolov,2.07,17860.5,БК КОЛЬЦА,8628.0,Дополнительная скидка по акции «Готовимся к лету!» ЕЩЁ -10%,https://sokolov.ru/jewelry-catalog/product/018932/,8 000 руб. - 9 000 руб.
2024-06-05,Sokolov,2.07,19845.0,БК КОЛЬЦА,9587.0,нет скидочного купона,https://sokolov.ru/jewelry-catalog/product/018932?reviews/,9 000 руб. - 10 000 руб.
2024-06-05,Sokolov,2.49,20160.0,БК КОЛЬЦА,8096.0,Дополнительная скидка по акции «Готовимся к лету!» ЕЩЁ -20%,https://sokolov.ru/jewelry-catalog/product/019006/,8 000 руб. - 9 000 руб.
2024-06-05,Sokolov,2.49,25200.0,БК КОЛЬЦА,10120.0,нет скидочного купона,https://sokolov.ru/jewelry-catalog/product/019006?reviews/,свыше 10 000 руб.
2024-06-05,Sokolov,1.55,13608.0,БК КОЛЬЦА,8779.0,Дополнительная скидка по акции «Готовимся к лету!» ЕЩЁ -10%,https://sokolov.ru/jewelry-catalog/product/019134/,8 000 руб. - 9 000 руб.
2024-06-05,Sokolov,1.55,15120.0,БК КОЛЬЦА,9755.0,нет скидочного купона,https://sokolov.ru/jewelry-catalog/product/019134?reviews/,9 000 руб. - 10 000 руб.
2024-06-05,Sokolov,1.31,12096.0,БК КОЛЬЦА,9234.0,Дополнительная скидка по акции «Готовимся к лету!» ЕЩЁ -20%,https://sokolov.ru/jewelry-catalog/product/019170/,9 000 руб. - 10 000 руб.
2024-06-05,Sokolov,1.31,15120.0,БК КОЛЬЦА,11542.0,нет скидочного купона,https://sokolov.ru/jewelry-catalog/product/019170?reviews/,свыше 10 000 руб.
2024-06-05,Sokolov,1.59,12320.0,БК КОЛЬЦА,7748.0,нет скидочного купона,https://sokolov.ru/jewelry-catalog/product/019172/,7 000 руб. - 8 000 руб.
2024-06-05,Sokolov,1.59,12320.0,БК КОЛЬЦА,7748.0,нет скидочного купона,https://sokolov.ru/jewelry-catalog/product/019172?reviews/,7 000 руб. - 8 000 руб.
2024-06-05,Sokolov,1.55,11340.0,БК КОЛЬЦА,7316.0,Дополнительная скидка по акции «Готовимся к лету!» ЕЩЁ -10%,https://sokolov.ru/jewelry-catalog/product/019257/,7 000 руб. - 8 000 руб.
2024-06-05,Sokolov,1.55,12600.0,БК КОЛЬЦА,8129.0,нет скидочного купона,https://sokolov.ru/jewelry-catalog/product/019257?reviews/,8 000 руб. - 9 000 руб.
2024-06-05,Sokolov,2.64,19845.0,БК СЕРЬГИ,7517.0,Дополнительная скидка по акции «Готовимся к лету!» ЕЩЁ -10%,https://sokolov.ru/jewelry-catalog/product/0200029/,7 000 руб. - 8 000 руб.
2024-06-05,Sokolov,2.64,22050.0,БК СЕРЬГИ,8352.0,нет скидочного купона,https://sokolov.ru/jewelry-catalog/product/0200029?reviews/,8 000 руб. - 9 000 руб.
2024-06-05,Sokolov,0.8,6237.0,БК СЕРЬГИ,7796.0,Дополнительная скидка по акции «Готовимся к лету!» ЕЩЁ -10%,https://sokolov.ru/jewelry-catalog/product/0200042/,7 000 руб. - 8 000 руб.
2024-06-05,Sokolov,0.8,6930.0,БК СЕРЬГИ,8662.0,нет скидочного купона,https://sokolov.ru/jewelry-catalog/product/0200042?reviews/,8 000 руб. - 9 000 руб.
2024-06-05,Sokolov,2.8,22680.0,БК СЕРЬГИ,8100.0,Дополнительная скидка по акции «Готовимся к лету!» ЕЩЁ -20%,https://sokolov.ru/jewelry-catalog/product/0200098/,8 000 руб. - 9 000 руб.
2024-06-05,Sokolov,2.8,28350.0,БК СЕРЬГИ,10125.0,нет скидочного купона,https://sokolov.ru/jewelry-catalog/product/0200098?reviews/,свыше 10 000 руб.
2024-06-05,Sokolov,2.15,18144.0,БК СЕРЬГИ,8439.0,Дополнительная скидка по акции «Готовимся к лету!» ЕЩЁ -10%,https://sokolov.ru/jewelry-catalog/product/0200106/,8 000 руб. - 9 000 руб.
2024-06-05,Sokolov,2.35,21546.0,БК СЕРЬГИ,9169.0,Дополнительная скидка по акции «Готовимся к лету!» ЕЩЁ -10%,https://sokolov.ru/jewelry-catalog/product/0200107/,9 000 руб. - 10 000 руб.
2024-06-05,Sokolov,2.37,18585.0,БК СЕРЬГИ,7842.0,нет скидочного купона,https://sokolov.ru/jewelry-catalog/product/0200115/,7 000 руб. - 8 000 руб.
2024-06-05,Sokolov,1.37,12190.5,БК СЕРЬГИ,8898.0,Дополнительная скидка по акции «Готовимся к лету!» ЕЩЁ -10%,https://sokolov.ru/jewelry-catalog/product/0200139/,8 000 руб. - 9 000 руб.
2024-06-05,Sokolov,2.83,19530.0,БК СЕРЬГИ,6901.0,нет скидочного купона,https://sokolov.ru/jewelry-catalog/product/0200176/,6 500 руб. - 7 000 руб.
2024-06-05,Sokolov,1.08,7938.0,БК СЕРЬГИ,7350.0,Дополнительная скидка по акции «Готовимся к лету!» ЕЩЁ -10%,https://sokolov.ru/jewelry-catalog/product/020020/,7 000 руб. - 8 000 руб.
2024-06-05,Sokolov,0.86,6930.0,БК СЕРЬГИ,8058.0,нет скидочного купона,https://sokolov.ru/jewelry-catalog/product/020604/,8 000 руб. - 9 000 руб.
2024-06-05,Sokolov,1.05,7875.0,БК СЕРЬГИ,7500.0,нет скидочного купона,https://sokolov.ru/jewelry-catalog/product/024386/,7 000 руб. - 8 000 руб.
2024-06-05,Sokolov,2.47,20790.0,БК СЕРЬГИ,8417.0,нет скидочного купона,https://sokolov.ru/jewelry-catalog/product/025797/,8 000 руб. - 9 000 руб.
2024-06-05,Sokolov,2.2,16443.0,БК СЕРЬГИ,7474.0,Дополнительная скидка по акции «Готовимся к лету!» ЕЩЁ -10%,https://sokolov.ru/jewelry-catalog/product/026749/,7 000 руб. - 8 000 руб.
2024-06-05,Sokolov,1.38,11088.0,БК СЕРЬГИ,8035.0,Дополнительная скидка по акции «Готовимся к лету!» ЕЩЁ -20%,https://sokolov.ru/jewelry-catalog/product/027180/,8 000 руб. - 9 000 руб.
2024-06-05,Sokolov,2.78,24696.0,БК СЕРЬГИ,8883.0,Дополнительная скидка по акции «Готовимся к лету!» ЕЩЁ -20%,https://sokolov.ru/jewelry-catalog/product/027591/,8 000 руб. - 9 000 руб.
2024-06-05,Sokolov,0.76,7056.0,БК СЕРЬГИ,9284.0,Дополнительная скидка по акции «Готовимся к лету!» ЕЩЁ -20%,https://sokolov.ru/jewelry-catalog/product/027753/,9 000 руб. - 10 000 руб.
2024-06-05,Sokolov,1.35,12600.0,БК СЕРЬГИ,9333.0,нет скидочного купона,https://sokolov.ru/jewelry-catalog/product/028251/,9 000 руб. - 10 000 руб.
2024-06-05,Sokolov,1.6,15876.0,БК СЕРЬГИ,9922.0,Дополнительная скидка по акции «Готовимся к лету!» ЕЩЁ -10%,https://sokolov.ru/jewelry-catalog/product/028632/,9 000 руб. - 10 000 руб.
2024-06-05,Sokolov,3.54,30240.0,БК СЕРЬГИ,8542.0,нет скидочного купона,https://sokolov.ru/jewelry-catalog/product/029196/,8 000 руб. - 9 000 руб.
2024-06-05,Sokolov,2.27,20790.0,БК СЕРЬГИ,9159.0,нет скидочного купона,https://sokolov.ru/jewelry-catalog/product/029240/,9 000 руб. - 10 000 руб.
2024-06-05,Sokolov,2.78,22680.0,БК СЕРЬГИ,8158.0,нет скидочного купона,https://sokolov.ru/jewelry-catalog/product/029295/,8 000 руб. - 9 000 руб.
2024-06-05,Sokolov,1.03,10080.0,БК СЕРЬГИ,9786.0,нет скидочного купона,https://sokolov.ru/jewelry-catalog/product/029699/,9 000 руб. - 10 000 руб.
2024-06-05,Sokolov,2.87,25515.0,БК СЕРЬГИ,8890.0,Дополнительная скидка по акции «Готовимся к лету!» ЕЩЁ -10%,https://sokolov.ru/jewelry-catalog/product/029914/,8 000 руб. - 9 000 руб.
2024-06-05,Sokolov,2.84,22680.0,БК СЕРЬГИ,7986.0,нет скидочного купона,https://sokolov.ru/jewelry-catalog/product/029938/,7 000 руб. - 8 000 руб.
2024-06-05,Sokolov,1.19,13230.0,БК СЕРЬГИ,11118.0,нет скидочного купона,https://sokolov.ru/jewelry-catalog/product/029945/,свыше 10 000 руб.
2024-06-05,Sokolov,1.77,14742.0,БК СЕРЬГИ,8329.0,Дополнительная скидка по акции «Готовимся к лету!» ЕЩЁ -10%,https://sokolov.ru/jewelry-catalog/product/029986/,8 000 руб. - 9 000 руб.
2024-06-05,Sokolov,1.22,11340.0,БК СЕРЬГИ,9295.0,нет скидочного купона,https://sokolov.ru/jewelry-catalog/product/029999/,9 000 руб. - 10 000 руб.
2024-06-05,Sokolov,0.38,3934.0,БК ПОДВЕС ДЕКОР,10353.0,нет скидочного купона,https://sokolov.ru/jewelry-catalog/product/035141/,свыше 10 000 руб.
2024-06-05,Sokolov,3.38,26365.5,БК ПОДВЕС ДЕКОР,7800.0,Дополнительная скидка по акции «Готовимся к лету!» ЕЩЁ -10%,https://sokolov.ru/jewelry-catalog/product/036012/,7 000 руб. - 8 000 руб.
2024-06-05,Sokolov,5.1,45360.0,ЦБ БРАСЛЕТЫ,8894.0,Дополнительная скидка по акции «Готовимся к лету!» ЕЩЁ -10%,https://sokolov.ru/jewelry-catalog/product/050366/,8 000 руб. - 9 000 руб.
2024-06-05,Sokolov,3.39,35437.5,ЦБ БРАСЛЕТЫ,10454.0,Дополнительная скидка по акции «Готовимся к лету!» ЕЩЁ -10%,https://sokolov.ru/jewelry-catalog/product/050794/,свыше 10 000 руб.
2024-06-05,Sokolov,4.42,39900.0,ЦБ БРАСЛЕТЫ,9027.0,нет скидочного купона,https://sokolov.ru/jewelry-catalog/product/051052/,9 000 руб. - 10 000 руб.
2024-06-05,Sokolov,5.99,59850.0,ЦБ БРАСЛЕТЫ,9992.0,нет скидочного купона,https://sokolov.ru/jewelry-catalog/product/051076/,9 000 руб. - 10 000 руб.
2024-06-05,Sokolov,4.38,41107.5,ЦБ БРАСЛЕТЫ,9385.0,Дополнительная скидка по акции «Готовимся к лету!» ЕЩЁ -10%,https://sokolov.ru/jewelry-catalog/product/051090/,9 000 руб. - 10 000 руб.
2024-06-05,Sokolov,1.46,12285.0,ЦБ БРАСЛЕТЫ,8414.0,Дополнительная скидка по акции «Готовимся к лету!» ЕЩЁ -10%,https://sokolov.ru/jewelry-catalog/product/051218/,8 000 руб. - 9 000 руб.
2024-06-05,Sokolov,3.13,28350.0,ЦБ БРАСЛЕТЫ,9058.0,Дополнительная скидка по акции «Готовимся к лету!» ЕЩЁ -10%,https://sokolov.ru/jewelry-catalog/product/051233/,9 000 руб. - 10 000 руб.
2024-06-05,Sokolov,1.9,15592.5,ЦБ БРАСЛЕТЫ,8207.0,Дополнительная скидка по акции «Готовимся к лету!» ЕЩЁ -10%,https://sokolov.ru/jewelry-catalog/product/051311/,8 000 руб. - 9 000 руб.
2024-06-05,Sokolov,2.46,21420.0,ЦБ БРАСЛЕТЫ,8707.0,Дополнительная скидка по акции «Готовимся к лету!» ЕЩЁ -20%,https://sokolov.ru/jewelry-catalog/product/051394/,8 000 руб. - 9 000 руб.
2024-06-05,Sokolov,4.68,43942.5,ЦБ БРАСЛЕТЫ,9389.0,Дополнительная скидка по акции «Готовимся к лету!» ЕЩЁ -10%,https://sokolov.ru/jewelry-catalog/product/051428/,9 000 руб. - 10 000 руб.
2024-06-05,Sokolov,1.56,15025.5,БК ПОДВЕС ДЕКОР,9632.0,Дополнительная скидка по акции «Готовимся к лету!» ЕЩЁ -10%,https://sokolov.ru/jewelry-catalog/product/104210/,9 000 руб. - 10 000 руб.
2024-06-05,Sokolov,3.9,31500.0,БК КОЛЬЦА ОБРУЧ,8077.0,нет скидочного купона,https://sokolov.ru/jewelry-catalog/product/110122/,8 000 руб. - 9 000 руб.
2024-06-05,Sokolov,2.54,19845.0,БК КОЛЬЦА ОБРУЧ,7813.0,нет скидочного купона,https://sokolov.ru/jewelry-catalog/product/110158/,7 000 руб. - 8 000 руб.
2024-06-05,Sokolov,1.39,14175.0,БК ПОДВЕС КУЛЬТ,10198.0,Дополнительная скидка по акции «Готовимся к лету!» ЕЩЁ -10%,https://sokolov.ru/jewelry-catalog/product/120299/,свыше 10 000 руб.
2024-06-05,Sokolov,1.7,17325.0,БК ПОДВЕС КУЛЬТ,10191.0,нет скидочного купона,https://sokolov.ru/jewelry-catalog/product/120314/,свыше 10 000 руб.
2024-06-05,Sokolov,1.16,12600.0,БК ПОДВЕС КУЛЬТ,10862.0,нет скидочного купона,https://sokolov.ru/jewelry-catalog/product/121146/,свыше 10 000 руб.
2024-06-05,Sokolov,0.94,8505.0,БК ПОДВЕС КУЛЬТ,9048.0,Дополнительная скидка по акции «Готовимся к лету!» ЕЩЁ -10%,https://sokolov.ru/jewelry-catalog/product/121324/,9 000 руб. - 10 000 руб.
2024-06-05,Sokolov,0.99,10773.0,БК ПОДВЕС КУЛЬТ,10882.0,Дополнительная скидка по акции «Готовимся к лету!» ЕЩЁ -10%,https://sokolov.ru/jewelry-catalog/product/121326/,свыше 10 000 руб.
2024-06-05,Sokolov,1.14,12190.5,БК ПОДВЕС КУЛЬТ,10693.0,Дополнительная скидка по акции «Готовимся к лету!» ЕЩЁ -10%,https://sokolov.ru/jewelry-catalog/product/121396/,свыше 10 000 руб.
2024-06-05,Sokolov,2.12,20160.0,БК ПОДВЕС КУЛЬТ,9509.0,Дополнительная скидка по акции «Готовимся к лету!» ЕЩЁ -20%,https://sokolov.ru/jewelry-catalog/product/121397/,9 000 руб. - 10 000 руб.
2024-06-05,Sokolov,4.09,35437.5,БК ПОДВЕС КУЛЬТ,8664.0,Дополнительная скидка по акции «Готовимся к лету!» ЕЩЁ -10%,https://sokolov.ru/jewelry-catalog/product/121419/,8 000 руб. - 9 000 руб.
2024-06-05,Sokolov,4.14,34020.0,БК ПОДВЕС КУЛЬТ,8217.0,Дополнительная скидка по акции «Готовимся к лету!» ЕЩЁ -10%,https://sokolov.ru/jewelry-catalog/product/121421/,8 000 руб. - 9 000 руб.
2024-06-05,Sokolov,1.21,12190.5,БК ПОДВЕС КУЛЬТ,10075.0,Дополнительная скидка по акции «Готовимся к лету!» ЕЩЁ -10%,https://sokolov.ru/jewelry-catalog/product/121451/,свыше 10 000 руб.
2024-06-05,Sokolov,3.06,23814.0,БК СЕРЬГИ,7782.0,Дополнительная скидка по акции «Готовимся к лету!» ЕЩЁ -10%,https://sokolov.ru/jewelry-catalog/product/140015/,7 000 руб. - 8 000 руб.
2024-06-05,Sokolov,3.49,27090.0,БК СЕРЬГИ,7762.0,нет скидочного купона,https://sokolov.ru/jewelry-catalog/product/140019/,7 000 руб. - 8 000 руб.
2024-06-05,Sokolov,3.44,26460.0,БК СЕРЬГИ,7692.0,нет скидочного купона,https://sokolov.ru/jewelry-catalog/product/140055/,7 000 руб. - 8 000 руб.
2024-06-05,Sokolov,2.33,22113.0,БК СЕРЬГИ,9491.0,Дополнительная скидка по акции «Готовимся к лету!» ЕЩЁ -10%,https://sokolov.ru/jewelry-catalog/product/140107/,9 000 руб. - 10 000 руб.
2024-06-05,Sokolov,1.28,11970.0,БК СЕРЬГИ,9352.0,нет скидочного купона,https://sokolov.ru/jewelry-catalog/product/140137/,9 000 руб. - 10 000 руб.
2024-06-05,Sokolov,2.25,20790.0,БК СЕРЬГИ,9240.0,нет скидочного купона,https://sokolov.ru/jewelry-catalog/product/140140/,9 000 руб. - 10 000 руб.
2024-06-05,Sokolov,3.15,30240.0,БК СЕРЬГИ,9600.0,нет скидочного купона,https://sokolov.ru/jewelry-catalog/product/140143/,9 000 руб. - 10 000 руб.
2024-06-05,Sokolov,1.22,13230.0,БК СЕРЬГИ,10844.0,нет скидочного купона,https://sokolov.ru/jewelry-catalog/product/140145/,свыше 10 000 руб.
2024-06-05,Sokolov,2.64,20790.0,БК СЕРЬГИ,7875.0,нет скидочного купона,https://sokolov.ru/jewelry-catalog/product/140158/,7 000 руб. - 8 000 руб.
2024-06-05,Sokolov,2.99,21420.0,БК СЕРЬГИ,7164.0,нет скидочного купона,https://sokolov.ru/jewelry-catalog/product/140159/,7 000 руб. - 8 000 руб.
2024-06-05,Sokolov,1.23,14175.0,ЦБ БРАСЛЕТЫ,11524.0,нет скидочного купона,https://sokolov.ru/jewelry-catalog/product/551050302/,свыше 10 000 руб.
2024-06-05,Sokolov,3.71,42525.0,ЦБ БРАСЛЕТЫ,11462.0,нет скидочного купона,https://sokolov.ru/jewelry-catalog/product/551070502/,свыше 10 000 руб.
2024-06-05,Sokolov,6.88,64575.0,ЦБ БРАСЛЕТЫ,9386.0,нет скидочного купона,https://sokolov.ru/jewelry-catalog/product/551070702/,9 000 руб. - 10 000 руб.
2024-06-05,Sokolov,1.64,15876.0,ЦБ БРАСЛЕТЫ,9680.0,Дополнительная скидка по акции «Готовимся к лету!» ЕЩЁ -20%,https://sokolov.ru/jewelry-catalog/product/552010506/,9 000 руб. - 10 000 руб.
2024-06-05,Sokolov,5.57,53550.0,ЦБ БРАСЛЕТЫ,9614.0,нет скидочного купона,https://sokolov.ru/jewelry-catalog/product/552011006/,9 000 руб. - 10 000 руб.
2024-06-05,Sokolov,1.56,17325.0,ЦБ БРАСЛЕТЫ,11106.0,нет скидочного купона,https://sokolov.ru/jewelry-catalog/product/552050502/,свыше 10 000 руб.
2024-06-05,Sokolov,2.12,19278.0,ЦБ БРАСЛЕТЫ,9093.0,Дополнительная скидка по акции «Готовимся к лету!» ЕЩЁ -10%,https://sokolov.ru/jewelry-catalog/product/552050602/,9 000 руб. - 10 000 руб.
2024-06-05,Sokolov,2.23,20695.5,ЦБ БРАСЛЕТЫ,9280.0,Дополнительная скидка по акции «Готовимся к лету!» ЕЩЁ -10%,https://sokolov.ru/jewelry-catalog/product/552100502/,9 000 руб. - 10 000 руб.
2024-06-05,Sokolov,3.88,34650.0,ЦБ БРАСЛЕТЫ,8930.0,нет скидочного купона,https://sokolov.ru/jewelry-catalog/product/552100702/,8 000 руб. - 9 000 руб.
2024-06-05,Sokolov,6.02,58275.0,ЦБ ЦЕПИ,9680.0,нет скидочного купона,https://sokolov.ru/jewelry-catalog/product/581070402/,9 000 руб. - 10 000 руб.
2024-06-05,Sokolov,8.18,77962.5,ЦБ ЦЕПИ,9531.0,Дополнительная скидка по акции «Готовимся к лету!» ЕЩЁ -10%,https://sokolov.ru/jewelry-catalog/product/581070452-3/,9 000 руб. - 10 000 руб.
2024-06-05,Sokolov,9.4,71400.0,ЦБ ЦЕПИ,7596.0,нет скидочного купона,https://sokolov.ru/jewelry-catalog/product/582020802/,7 000 руб. - 8 000 руб.
2024-06-05,Sokolov,4.04,31500.0,БК КОЛЬЦА,7797.0,нет скидочного купона,https://sokolov.ru/jewelry-catalog/product/018685-2/,7 000 руб. - 8 000 руб.
2024-06-05,Sokolov,2.23,19845.0,БК КОЛЬЦА,8899.0,нет скидочного купона,https://sokolov.ru/jewelry-catalog/product/018797/,8 000 руб. - 9 000 руб.
2024-06-05,Sokolov,1.52,13608.0,БК КОЛЬЦА,8953.0,Дополнительная скидка по акции «Готовимся к лету!» ЕЩЁ -10%,https://sokolov.ru/jewelry-catalog/product/018799-3/,8 000 руб. - 9 000 руб.
2024-06-05,Sokolov,2.14,18270.0,БК КОЛЬЦА,8537.0,нет скидочного купона,https://sokolov.ru/jewelry-catalog/product/018853-3/,8 000 руб. - 9 000 руб.
2024-06-05,Sokolov,1.65,15120.0,БК КОЛЬЦА,9164.0,нет скидочного купона,https://sokolov.ru/jewelry-catalog/product/019132/,9 000 руб. - 10 000 руб.
2024-06-05,Sokolov,2.87,22050.0,БК КОЛЬЦА ОБРУЧ,7683.0,нет скидочного купона,https://sokolov.ru/jewelry-catalog/product/111205/,7 000 руб. - 8 000 руб.
2024-06-05,Sokolov,1.2,11340.0,БК КОЛЬЦА,9450.0,Дополнительная скидка по акции «Готовимся к лету!» ЕЩЁ -10%,https://sokolov.ru/jewelry-catalog/product/017347/,9 000 руб. - 10 000 руб.
2024-06-05,Sokolov,2.39,22050.0,БК КОЛЬЦА,9226.0,нет скидочного купона,https://sokolov.ru/jewelry-catalog/product/018578/,9 000 руб. - 10 000 руб.
2024-06-05,Sokolov,1.67,15750.0,БК КОЛЬЦА,9431.0,нет скидочного купона,https://sokolov.ru/jewelry-catalog/product/018942/,9 000 руб. - 10 000 руб.
2024-06-05,Sokolov,1.17,9576.0,БК КОЛЬЦА,8185.0,Дополнительная скидка по акции «Готовимся к лету!» ЕЩЁ -20%,https://sokolov.ru/jewelry-catalog/product/019177/,8 000 руб. - 9 000 руб.
2024-06-05,Sokolov,1.89,15025.5,БК КОЛЬЦА,7950.0,Дополнительная скидка по акции «Готовимся к лету!» ЕЩЁ -10%,https://sokolov.ru/jewelry-catalog/product/019246/,7 000 руб. - 8 000 руб.
2024-06-05,Sokolov,1.15,8190.0,БК СЕРЬГИ,7122.0,нет скидочного купона,https://sokolov.ru/jewelry-catalog/product/0200045/,7 000 руб. - 8 000 руб.
2024-06-05,Sokolov,2.38,20160.0,БК СЕРЬГИ,8471.0,Дополнительная скидка по акции «Готовимся к лету!» ЕЩЁ -20%,https://sokolov.ru/jewelry-catalog/product/0200059/,8 000 руб. - 9 000 руб.
2024-06-05,Sokolov,3.54,30870.0,БК СЕРЬГИ,8720.0,нет скидочного купона,https://sokolov.ru/jewelry-catalog/product/0200097/,8 000 руб. - 9 000 руб.
2024-06-05,Sokolov,1.37,11592.0,БК СЕРЬГИ,8461.0,Дополнительная скидка по акции «Готовимся к лету!» ЕЩЁ -20%,https://sokolov.ru/jewelry-catalog/product/0200116/,8 000 руб. - 9 000 руб.
2024-06-05,Sokolov,0.73,7654.5,БК СЕРЬГИ,10486.0,Дополнительная скидка по акции «Готовимся к лету!» ЕЩЁ -10%,https://sokolov.ru/jewelry-catalog/product/0200140/,свыше 10 000 руб.
2024-06-05,Sokolov,1.12,11340.0,БК СЕРЬГИ,10125.0,нет скидочного купона,https://sokolov.ru/jewelry-catalog/product/0200145/,свыше 10 000 руб.
2024-06-05,Sokolov,0.88,7875.0,БК СЕРЬГИ,8949.0,нет скидочного купона,https://sokolov.ru/jewelry-catalog/product/022410/,8 000 руб. - 9 000 руб.
2024-06-05,Sokolov,1.0,7875.0,БК СЕРЬГИ,7875.0,нет скидочного купона,https://sokolov.ru/jewelry-catalog/product/024818/,7 000 руб. - 8 000 руб.
2024-06-05,Sokolov,1.14,9072.0,БК СЕРЬГИ,7958.0,Дополнительная скидка по акции «Готовимся к лету!» ЕЩЁ -10%,https://sokolov.ru/jewelry-catalog/product/025373/,7 000 руб. - 8 000 руб.
2024-06-05,Sokolov,1.11,10080.0,БК СЕРЬГИ,9081.0,нет скидочного купона,https://sokolov.ru/jewelry-catalog/product/025374/,9 000 руб. - 10 000 руб.
2024-06-05,Sokolov,2.03,15120.0,БК СЕРЬГИ,7448.0,нет скидочного купона,https://sokolov.ru/jewelry-catalog/product/027287/,7 000 руб. - 8 000 руб.
2024-06-05,Sokolov,2.26,16726.5,БК СЕРЬГИ,7401.0,Дополнительная скидка по акции «Готовимся к лету!» ЕЩЁ -10%,https://sokolov.ru/jewelry-catalog/product/027925/,7 000 руб. - 8 000 руб.
2024-06-05,Sokolov,3.74,26460.0,БК СЕРЬГИ,7075.0,нет скидочного купона,https://sokolov.ru/jewelry-catalog/product/029096/,7 000 руб. - 8 000 руб.
2024-06-05,Sokolov,2.42,18144.0,БК СЕРЬГИ,7498.0,Дополнительная скидка по акции «Готовимся к лету!» ЕЩЁ -10%,https://sokolov.ru/jewelry-catalog/product/029355/,7 000 руб. - 8 000 руб.
2024-06-05,Sokolov,0.5,4410.0,БК СЕРЬГИ,8820.0,нет скидочного купона,https://sokolov.ru/jewelry-catalog/product/029454/,8 000 руб. - 9 000 руб.
2024-06-05,Sokolov,3.39,22113.0,БК СЕРЬГИ,6523.0,Дополнительная скидка по акции «Готовимся к лету!» ЕЩЁ -10%,https://sokolov.ru/jewelry-catalog/product/029523/,6 500 руб. - 7 000 руб.
2024-06-05,Sokolov,1.97,16128.0,БК СЕРЬГИ,8187.0,Дополнительная скидка по акции «Готовимся к лету!» ЕЩЁ -20%,https://sokolov.ru/jewelry-catalog/product/029646/,8 000 руб. - 9 000 руб.
2024-06-05,Sokolov,1.67,15750.0,БК СЕРЬГИ,9431.0,нет скидочного купона,https://sokolov.ru/jewelry-catalog/product/029781/,9 000 руб. - 10 000 руб.
2024-06-05,Sokolov,1.78,16443.0,БК СЕРЬГИ,9238.0,Дополнительная скидка по акции «Готовимся к лету!» ЕЩЁ -10%,https://sokolov.ru/jewelry-catalog/product/029964/,9 000 руб. - 10 000 руб.
2024-06-05,Sokolov,1.99,16695.0,БК ПОДВЕС ДЕКОР,8389.0,нет скидочного купона,https://sokolov.ru/jewelry-catalog/product/031209/,8 000 руб. - 9 000 руб.
2024-06-05,Sokolov,0.61,7560.0,БК ПОДВЕС ДЕКОР,12393.0,нет скидочного купона,https://sokolov.ru/jewelry-catalog/product/035184/,свыше 10 000 руб.
2024-06-05,Sokolov,0.25,2835.0,БК ПОДВЕС ДЕКОР,11340.0,Дополнительная скидка по акции «Готовимся к лету!» ЕЩЁ -10%,https://sokolov.ru/jewelry-catalog/product/036218/,свыше 10 000 руб.
2024-06-05,Sokolov,0.44,4252.5,БК ПОДВЕС ДЕКОР,9665.0,Дополнительная скидка по акции «Готовимся к лету!» ЕЩЁ -10%,https://sokolov.ru/jewelry-catalog/product/036534/,9 000 руб. - 10 000 руб.
2024-06-05,Sokolov,8.32,68040.0,ЦБ БРАСЛЕТЫ,8178.0,Дополнительная скидка по акции «Готовимся к лету!» ЕЩЁ -10%,https://sokolov.ru/jewelry-catalog/product/050369/,8 000 руб. - 9 000 руб.
2024-06-05,Sokolov,3.37,28350.0,ЦБ БРАСЛЕТЫ,8412.0,Дополнительная скидка по акции «Готовимся к лету!» ЕЩЁ -10%,https://sokolov.ru/jewelry-catalog/product/051205/,8 000 руб. - 9 000 руб.
2024-06-05,Sokolov,4.42,34020.0,ЦБ БРАСЛЕТЫ,7697.0,Дополнительная скидка по акции «Готовимся к лету!» ЕЩЁ -10%,https://sokolov.ru/jewelry-catalog/product/051284/,7 000 руб. - 8 000 руб.
2024-06-05,Sokolov,2.79,22680.0,ЦБ БРАСЛЕТЫ,8129.0,Дополнительная скидка по акции «Готовимся к лету!» ЕЩЁ -20%,https://sokolov.ru/jewelry-catalog/product/051413/,8 000 руб. - 9 000 руб.
2024-06-05,Sokolov,0.55,5544.0,БК ПОДВЕС КУЛЬТ,10080.0,Дополнительная скидка по акции «Готовимся к лету!» ЕЩЁ -20%,https://sokolov.ru/jewelry-catalog/product/104005/,свыше 10 000 руб.
2024-06-05,Sokolov,1.39,13608.0,БК ПОДВЕС ДЕКОР,9790.0,Дополнительная скидка по акции «Готовимся к лету!» ЕЩЁ -10%,https://sokolov.ru/jewelry-catalog/product/104202/,9 000 руб. - 10 000 руб.
2024-06-05,Sokolov,1.5,12600.0,БК ПОДВЕС ДЕКОР,8400.0,нет скидочного купона,https://sokolov.ru/jewelry-catalog/product/104203/,8 000 руб. - 9 000 руб.
2024-06-05,Sokolov,3.16,26145.0,БК КОЛЬЦА ОБРУЧ,8274.0,нет скидочного купона,https://sokolov.ru/jewelry-catalog/product/110130/,8 000 руб. - 9 000 руб.
2024-06-05,Sokolov,1.74,17860.5,БК ПОДВЕС КУЛЬТ,10265.0,Дополнительная скидка по акции «Готовимся к лету!» ЕЩЁ -10%,https://sokolov.ru/jewelry-catalog/product/120315/,свыше 10 000 руб.
2024-06-05,Sokolov,0.84,9450.0,БК ПОДВЕС КУЛЬТ,11250.0,нет скидочного купона,https://sokolov.ru/jewelry-catalog/product/121140/,свыше 10 000 руб.
2024-06-05,Sokolov,0.78,8505.0,БК ПОДВЕС КУЛЬТ,10904.0,Дополнительная скидка по акции «Готовимся к лету!» ЕЩЁ -10%,https://sokolov.ru/jewelry-catalog/product/121143/,свыше 10 000 руб.
2024-06-05,Sokolov,0.78,6804.0,БК ПОДВЕС КУЛЬТ,8723.0,Дополнительная скидка по акции «Готовимся к лету!» ЕЩЁ -20%,https://sokolov.ru/jewelry-catalog/product/121144/,8 000 руб. - 9 000 руб.
2024-06-05,Sokolov,2.45,21262.5,БК ПОДВЕС КУЛЬТ,8679.0,Дополнительная скидка по акции «Готовимся к лету!» ЕЩЁ -10%,https://sokolov.ru/jewelry-catalog/product/121233/,8 000 руб. - 9 000 руб.
2024-06-05,Sokolov,1.22,11340.0,БК СЕРЬГИ,9295.0,нет скидочного купона,https://sokolov.ru/jewelry-catalog/product/140012/,9 000 руб. - 10 000 руб.
2024-06-05,Sokolov,1.55,13860.0,БК СЕРЬГИ,8942.0,нет скидочного купона,https://sokolov.ru/jewelry-catalog/product/140146/,8 000 руб. - 9 000 руб.
2024-06-05,Sokolov,2.39,18144.0,БК СЕРЬГИ,7592.0,Дополнительная скидка по акции «Готовимся к лету!» ЕЩЁ -10%,https://sokolov.ru/jewelry-catalog/product/140149/,7 000 руб. - 8 000 руб.
2024-06-05,Sokolov,2.02,20475.0,ЦБ БРАСЛЕТЫ,10136.0,нет скидочного купона,https://sokolov.ru/jewelry-catalog/product/551050402/,свыше 10 000 руб.
2024-06-05,Sokolov,0.89,8505.0,ЦБ БРАСЛЕТЫ,9556.0,нет скидочного купона,https://sokolov.ru/jewelry-catalog/product/551060252/,9 000 руб. - 10 000 руб.
2024-06-05,Sokolov,5.3,55125.0,ЦБ БРАСЛЕТЫ,10401.0,нет скидочного купона,https://sokolov.ru/jewelry-catalog/product/551070602/,свыше 10 000 руб.
2024-06-05,Sokolov,2.97,29295.0,ЦБ БРАСЛЕТЫ,9864.0,нет скидочного купона,https://sokolov.ru/jewelry-catalog/product/552010706/,9 000 руб. - 10 000 руб.
2024-06-05,Sokolov,3.89,33075.0,ЦБ БРАСЛЕТЫ,8503.0,нет скидочного купона,https://sokolov.ru/jewelry-catalog/product/552010806/,8 000 руб. - 9 000 руб.
2024-06-05,Sokolov,4.99,42525.0,ЦБ ЦЕПИ,8522.0,нет скидочного купона,https://sokolov.ru/jewelry-catalog/product/581010402/,8 000 руб. - 9 000 руб.
2024-06-05,Sokolov,3.21,26775.0,ЦБ ЦЕПИ,8341.0,нет скидочного купона,https://sokolov.ru/jewelry-catalog/product/581030400/,8 000 руб. - 9 000 руб.
2024-06-05,Sokolov,9.45,92925.0,ЦБ ЦЕПИ,9833.0,нет скидочного купона,https://sokolov.ru/jewelry-catalog/product/581030804/,9 000 руб. - 10 000 руб.
2024-06-05,Sokolov,15.56,132300.0,ЦБ ЦЕПИ,8503.0,нет скидочного купона,https://sokolov.ru/jewelry-catalog/product/581031004/,8 000 руб. - 9 000 руб.
2024-06-05,Sokolov,12.57,110250.0,ЦБ ЦЕПИ,8771.0,нет скидочного купона,https://sokolov.ru/jewelry-catalog/product/582070802/,8 000 руб. - 9 000 руб.
2024-06-05,Sokolov,1.6,15750.0,БК КОЛЬЦА,9844.0,нет скидочного купона,https://sokolov.ru/jewelry-catalog/product/017310/,9 000 руб. - 10 000 руб.
2024-06-05,Sokolov,2.46,19845.0,БК КОЛЬЦА,8067.0,Дополнительная скидка по акции «Готовимся к лету!» ЕЩЁ -10%,https://sokolov.ru/jewelry-catalog/product/018583/,8 000 руб. - 9 000 руб.
2024-06-05,Sokolov,2.37,18480.0,БК КОЛЬЦА,7797.0,нет скидочного купона,https://sokolov.ru/jewelry-catalog/product/019184/,7 000 руб. - 8 000 руб.
2024-06-05,Sokolov,2.67,21420.0,БК КОЛЬЦА,8022.0,Дополнительная скидка по акции «Готовимся к лету!» ЕЩЁ -20%,https://sokolov.ru/jewelry-catalog/product/018654/,8 000 руб. - 9 000 руб.
2024-06-05,Sokolov,2.99,27720.0,БК КОЛЬЦА ОБРУЧ,9271.0,нет скидочного купона,https://sokolov.ru/jewelry-catalog/product/114120-11/,9 000 руб. - 10 000 руб.
2024-06-05,Sokolov,3.65,28350.0,БК КОЛЬЦА,7767.0,Дополнительная скидка по акции «Готовимся к лету!» ЕЩЁ -10%,https://sokolov.ru/jewelry-catalog/product/014095/,7 000 руб. - 8 000 руб.
2024-06-05,Sokolov,2.16,19845.0,БК КОЛЬЦА,9188.0,нет скидочного купона,https://sokolov.ru/jewelry-catalog/product/017114/,9 000 руб. - 10 000 руб.
2024-06-05,Sokolov,1.19,13545.0,БК КОЛЬЦА,11382.0,нет скидочного купона,https://sokolov.ru/jewelry-catalog/product/017253/,свыше 10 000 руб.
2024-06-05,Sokolov,2.26,17430.0,БК КОЛЬЦА,7712.0,нет скидочного купона,https://sokolov.ru/jewelry-catalog/product/017445/,7 000 руб. - 8 000 руб.
2024-06-05,Sokolov,1.51,12600.0,БК КОЛЬЦА,8344.0,Дополнительная скидка по акции «Готовимся к лету!» ЕЩЁ -20%,https://sokolov.ru/jewelry-catalog/product/017485/,8 000 руб. - 9 000 руб.
2024-06-05,Sokolov,1.9,14175.0,БК КОЛЬЦА,7461.0,Дополнительная скидка по акции «Готовимся к лету!» ЕЩЁ -10%,https://sokolov.ru/jewelry-catalog/product/017783/,7 000 руб. - 8 000 руб.
2024-06-05,Sokolov,2.36,19845.0,БК КОЛЬЦА,8409.0,Дополнительная скидка по акции «Готовимся к лету!» ЕЩЁ -10%,https://sokolov.ru/jewelry-catalog/product/017795/,8 000 руб. - 9 000 руб.
2024-06-05,Sokolov,1.6,16443.0,БК КОЛЬЦА,10277.0,Дополнительная скидка по акции «Готовимся к лету!» ЕЩЁ -10%,https://sokolov.ru/jewelry-catalog/product/017987/,свыше 10 000 руб.
2024-06-05,Sokolov,2.41,23625.0,БК КОЛЬЦА,9803.0,нет скидочного купона,https://sokolov.ru/jewelry-catalog/product/018641/,9 000 руб. - 10 000 руб.
2024-06-05,Sokolov,2.2,19845.0,БК КОЛЬЦА,9020.0,нет скидочного купона,https://sokolov.ru/jewelry-catalog/product/018663/,9 000 руб. - 10 000 руб.
2024-06-05,Sokolov,2.66,22050.0,БК КОЛЬЦА,8289.0,нет скидочного купона,https://sokolov.ru/jewelry-catalog/product/018665/,8 000 руб. - 9 000 руб.
2024-06-05,Sokolov,2.21,19845.0,БК КОЛЬЦА,8980.0,нет скидочного купона,https://sokolov.ru/jewelry-catalog/product/018686/,8 000 руб. - 9 000 руб.
2024-06-05,Sokolov,3.75,24150.0,БК КОЛЬЦА,6440.0,нет скидочного купона,https://sokolov.ru/jewelry-catalog/product/018705/,6 000 руб. - 6 500 руб.
2024-06-05,Sokolov,2.23,17640.0,БК КОЛЬЦА,7910.0,Дополнительная скидка по акции «Готовимся к лету!» ЕЩЁ -20%,https://sokolov.ru/jewelry-catalog/product/018706/,7 000 руб. - 8 000 руб.
2024-06-05,Sokolov,2.84,20695.5,БК КОЛЬЦА,7287.0,Дополнительная скидка по акции «Готовимся к лету!» ЕЩЁ -10%,https://sokolov.ru/jewelry-catalog/product/018726/,7 000 руб. - 8 000 руб.
2024-06-05,Sokolov,3.8,37800.0,БК КОЛЬЦА,9947.0,нет скидочного купона,https://sokolov.ru/jewelry-catalog/product/018736/,9 000 руб. - 10 000 руб.
2024-06-05,Sokolov,2.84,24097.5,БК КОЛЬЦА,8485.0,Дополнительная скидка по акции «Готовимся к лету!» ЕЩЁ -10%,https://sokolov.ru/jewelry-catalog/product/018773/,8 000 руб. - 9 000 руб.
2024-06-05,Sokolov,3.33,31500.0,БК КОЛЬЦА,9459.0,нет скидочного купона,https://sokolov.ru/jewelry-catalog/product/018864/,9 000 руб. - 10 000 руб.
2024-06-05,Sokolov,3.74,28350.0,БК КОЛЬЦА,7580.0,Дополнительная скидка по акции «Готовимся к лету!» ЕЩЁ -10%,https://sokolov.ru/jewelry-catalog/product/018881/,7 000 руб. - 8 000 руб.
2024-06-05,Sokolov,2.35,19845.0,БК КОЛЬЦА,8445.0,нет скидочного купона,https://sokolov.ru/jewelry-catalog/product/018969/,8 000 руб. - 9 000 руб.
2024-06-05,Sokolov,1.43,11550.0,БК КОЛЬЦА,8077.0,нет скидочного купона,https://sokolov.ru/jewelry-catalog/product/019192/,8 000 руб. - 9 000 руб.
2024-06-05,Sokolov,1.53,12190.5,БК КОЛЬЦА,7968.0,Дополнительная скидка по акции «Готовимся к лету!» ЕЩЁ -10%,https://sokolov.ru/jewelry-catalog/product/019250/,7 000 руб. - 8 000 руб.
2024-06-05,Sokolov,1.97,15592.5,БК КОЛЬЦА,7915.0,Дополнительная скидка по акции «Готовимся к лету!» ЕЩЁ -10%,https://sokolov.ru/jewelry-catalog/product/019261/,7 000 руб. - 8 000 руб.
2024-06-05,Sokolov,1.6,11130.0,БК СЕРЬГИ,6956.0,нет скидочного купона,https://sokolov.ru/jewelry-catalog/product/0200001/,6 500 руб. - 7 000 руб.
2024-06-05,Sokolov,2.5,23940.0,БК СЕРЬГИ,9576.0,нет скидочного купона,https://sokolov.ru/jewelry-catalog/product/0200002/,9 000 руб. - 10 000 руб.
2024-06-05,Sokolov,2.01,15309.0,БК СЕРЬГИ,7616.0,Дополнительная скидка по акции «Готовимся к лету!» ЕЩЁ -10%,https://sokolov.ru/jewelry-catalog/product/0200016/,7 000 руб. - 8 000 руб.
2024-06-05,Sokolov,1.63,13860.0,БК СЕРЬГИ,8503.0,нет скидочного купона,https://sokolov.ru/jewelry-catalog/product/0200034/,8 000 руб. - 9 000 руб.
2024-06-05,Sokolov,3.09,24948.0,БК СЕРЬГИ,8074.0,Дополнительная скидка по акции «Готовимся к лету!» ЕЩЁ -10%,https://sokolov.ru/jewelry-catalog/product/0200101/,8 000 руб. - 9 000 руб.
2024-06-05,Sokolov,2.59,20412.0,БК СЕРЬГИ,7881.0,Дополнительная скидка по акции «Готовимся к лету!» ЕЩЁ -10%,https://sokolov.ru/jewelry-catalog/product/0200122/,7 000 руб. - 8 000 руб.
2024-06-05,Sokolov,2.19,22680.0,БК СЕРЬГИ,10356.0,нет скидочного купона,https://sokolov.ru/jewelry-catalog/product/0200137/,свыше 10 000 руб.
2024-06-05,Sokolov,1.57,12600.0,БК СЕРЬГИ,8025.0,нет скидочного купона,https://sokolov.ru/jewelry-catalog/product/0200141/,8 000 руб. - 9 000 руб.
2024-06-05,Sokolov,0.71,7245.0,БК СЕРЬГИ,10204.0,нет скидочного купона,https://sokolov.ru/jewelry-catalog/product/0200147/,свыше 10 000 руб.
2024-06-05,Sokolov,1.68,13860.0,БК СЕРЬГИ,8250.0,нет скидочного купона,https://sokolov.ru/jewelry-catalog/product/0200166/,8 000 руб. - 9 000 руб.
2024-06-05,Sokolov,2.82,22050.0,БК СЕРЬГИ,7819.0,нет скидочного купона,https://sokolov.ru/jewelry-catalog/product/0200169/,7 000 руб. - 8 000 руб.
2024-06-05,Sokolov,5.78,41895.0,БК СЕРЬГИ,7248.0,нет скидочного купона,https://sokolov.ru/jewelry-catalog/product/020693/,7 000 руб. - 8 000 руб.
2024-06-05,Sokolov,2.66,22680.0,БК СЕРЬГИ,8526.0,нет скидочного купона,https://sokolov.ru/jewelry-catalog/product/021185/,8 000 руб. - 9 000 руб.
2024-06-05,Sokolov,1.5,10773.0,БК СЕРЬГИ,7182.0,Дополнительная скидка по акции «Готовимся к лету!» ЕЩЁ -10%,https://sokolov.ru/jewelry-catalog/product/021326/,7 000 руб. - 8 000 руб.
2024-06-05,Sokolov,1.67,13608.0,БК СЕРЬГИ,8149.0,Дополнительная скидка по акции «Готовимся к лету!» ЕЩЁ -10%,https://sokolov.ru/jewelry-catalog/product/021328/,8 000 руб. - 9 000 руб.
2024-06-05,Sokolov,1.03,7245.0,БК СЕРЬГИ,7034.0,нет скидочного купона,https://sokolov.ru/jewelry-catalog/product/021632/,7 000 руб. - 8 000 руб.
2024-06-05,Sokolov,0.97,7087.5,БК СЕРЬГИ,7307.0,Дополнительная скидка по акции «Готовимся к лету!» ЕЩЁ -10%,https://sokolov.ru/jewelry-catalog/product/021633/,7 000 руб. - 8 000 руб.
2024-06-05,Sokolov,1.05,7371.0,БК СЕРЬГИ,7020.0,Дополнительная скидка по акции «Готовимся к лету!» ЕЩЁ -10%,https://sokolov.ru/jewelry-catalog/product/021636/,7 000 руб. - 8 000 руб.
2024-06-05,Sokolov,0.86,7245.0,БК СЕРЬГИ,8424.0,нет скидочного купона,https://sokolov.ru/jewelry-catalog/product/022198/,8 000 руб. - 9 000 руб.
2024-06-05,Sokolov,1.19,10710.0,БК СЕРЬГИ,9000.0,нет скидочного купона,https://sokolov.ru/jewelry-catalog/product/022364/,8 000 руб. - 9 000 руб.
2024-06-05,Sokolov,1.17,11340.0,БК СЕРЬГИ,9692.0,нет скидочного купона,https://sokolov.ru/jewelry-catalog/product/022380/,9 000 руб. - 10 000 руб.
2024-06-05,Sokolov,1.16,8505.0,БК СЕРЬГИ,7332.0,нет скидочного купона,https://sokolov.ru/jewelry-catalog/product/022382/,7 000 руб. - 8 000 руб.
2024-06-05,Sokolov,1.22,9072.0,БК СЕРЬГИ,7436.0,Дополнительная скидка по акции «Готовимся к лету!» ЕЩЁ -10%,https://sokolov.ru/jewelry-catalog/product/022394/,7 000 руб. - 8 000 руб.
2024-06-05,Sokolov,0.99,9135.0,БК СЕРЬГИ,9227.0,нет скидочного купона,https://sokolov.ru/jewelry-catalog/product/022398/,9 000 руб. - 10 000 руб.
2024-06-05,Sokolov,0.83,8190.0,БК СЕРЬГИ,9867.0,нет скидочного купона,https://sokolov.ru/jewelry-catalog/product/022863/,9 000 руб. - 10 000 руб.
2024-06-05,Sokolov,1.56,12757.5,БК СЕРЬГИ,8178.0,Дополнительная скидка по акции «Готовимся к лету!» ЕЩЁ -10%,https://sokolov.ru/jewelry-catalog/product/026752/,8 000 руб. - 9 000 руб.
2024-06-05,Sokolov,1.56,13608.0,БК СЕРЬГИ,8723.0,Дополнительная скидка по акции «Готовимся к лету!» ЕЩЁ -10%,https://sokolov.ru/jewelry-catalog/product/026794/,8 000 руб. - 9 000 руб.
2024-06-05,Sokolov,2.33,22680.0,БК СЕРЬГИ,9734.0,Дополнительная скидка по акции «Готовимся к лету!» ЕЩЁ -10%,https://sokolov.ru/jewelry-catalog/product/026858/,9 000 руб. - 10 000 руб.
2024-06-05,Sokolov,1.97,14805.0,БК СЕРЬГИ,7515.0,нет скидочного купона,https://sokolov.ru/jewelry-catalog/product/026888/,7 000 руб. - 8 000 руб.
2024-06-05,Sokolov,1.29,10584.0,БК СЕРЬГИ,8205.0,Дополнительная скидка по акции «Готовимся к лету!» ЕЩЁ -20%,https://sokolov.ru/jewelry-catalog/product/027026/,8 000 руб. - 9 000 руб.
2024-06-05,Sokolov,1.84,15309.0,БК СЕРЬГИ,8320.0,Дополнительная скидка по акции «Готовимся к лету!» ЕЩЁ -10%,https://sokolov.ru/jewelry-catalog/product/027285/,8 000 руб. - 9 000 руб.
2024-06-05,Sokolov,1.79,17325.0,БК СЕРЬГИ,9679.0,нет скидочного купона,https://sokolov.ru/jewelry-catalog/product/027301/,9 000 руб. - 10 000 руб.
2024-06-05,Sokolov,1.58,11340.0,БК СЕРЬГИ,7177.0,нет скидочного купона,https://sokolov.ru/jewelry-catalog/product/027324/,7 000 руб. - 8 000 руб.
2024-06-05,Sokolov,2.21,16726.5,БК СЕРЬГИ,7569.0,Дополнительная скидка по акции «Готовимся к лету!» ЕЩЁ -10%,https://sokolov.ru/jewelry-catalog/product/027362/,7 000 руб. - 8 000 руб.
2024-06-05,Sokolov,1.91,15120.0,БК СЕРЬГИ,7916.0,нет скидочного купона,https://sokolov.ru/jewelry-catalog/product/027516/,7 000 руб. - 8 000 руб.
2024-06-05,Sokolov,1.08,7560.0,БК СЕРЬГИ,7000.0,нет скидочного купона,https://sokolov.ru/jewelry-catalog/product/027664/,6 500 руб. - 7 000 руб.
2024-06-05,Sokolov,0.99,7875.0,БК СЕРЬГИ,7955.0,нет скидочного купона,https://sokolov.ru/jewelry-catalog/product/027749/,7 000 руб. - 8 000 руб.
2024-06-05,Sokolov,0.89,6804.0,БК СЕРЬГИ,7645.0,Дополнительная скидка по акции «Готовимся к лету!» ЕЩЁ -10%,https://sokolov.ru/jewelry-catalog/product/027754/,7 000 руб. - 8 000 руб.
2024-06-05,Sokolov,1.48,10773.0,БК СЕРЬГИ,7279.0,Дополнительная скидка по акции «Готовимся к лету!» ЕЩЁ -10%,https://sokolov.ru/jewelry-catalog/product/028008/,7 000 руб. - 8 000 руб.
2024-06-05,Sokolov,2.37,22680.0,БК СЕРЬГИ,9570.0,нет скидочного купона,https://sokolov.ru/jewelry-catalog/product/028363/,9 000 руб. - 10 000 руб.
2024-06-05,Sokolov,2.28,20160.0,БК СЕРЬГИ,8842.0,Дополнительная скидка по акции «Готовимся к лету!» ЕЩЁ -20%,https://sokolov.ru/jewelry-catalog/product/028371/,8 000 руб. - 9 000 руб.
2024-06-05,Sokolov,2.02,18270.0,БК СЕРЬГИ,9045.0,нет скидочного купона,https://sokolov.ru/jewelry-catalog/product/028372/,9 000 руб. - 10 000 руб.
2024-06-05,Sokolov,2.65,18900.0,БК СЕРЬГИ,7132.0,нет скидочного купона,https://sokolov.ru/jewelry-catalog/product/028391/,7 000 руб. - 8 000 руб.
2024-06-05,Sokolov,0.85,7308.0,БК СЕРЬГИ,8598.0,Дополнительная скидка по акции «Готовимся к лету!» ЕЩЁ -20%,https://sokolov.ru/jewelry-catalog/product/028622/,8 000 руб. - 9 000 руб.
2024-06-05,Sokolov,0.85,9135.0,БК СЕРЬГИ,10747.0,нет скидочного купона,https://sokolov.ru/jewelry-catalog/product/028622?reviews/,свыше 10 000 руб.
2024-06-05,Sokolov,1.6,13608.0,БК СЕРЬГИ,8505.0,Дополнительная скидка по акции «Готовимся к лету!» ЕЩЁ -20%,https://sokolov.ru/jewelry-catalog/product/028632-2/,8 000 руб. - 9 000 руб.
2024-06-05,Sokolov,1.6,17010.0,БК СЕРЬГИ,10631.0,нет скидочного купона,https://sokolov.ru/jewelry-catalog/product/028632-2?reviews/,свыше 10 000 руб.
2024-06-05,Sokolov,3.35,25515.0,БК СЕРЬГИ,7616.0,Дополнительная скидка по акции «Готовимся к лету!» ЕЩЁ -10%,https://sokolov.ru/jewelry-catalog/product/028927/,7 000 руб. - 8 000 руб.
2024-06-05,Sokolov,3.35,28350.0,БК СЕРЬГИ,8463.0,нет скидочного купона,https://sokolov.ru/jewelry-catalog/product/028927?reviews/,8 000 руб. - 9 000 руб.
2024-06-05,Sokolov,3.1,23814.0,БК СЕРЬГИ,7682.0,Дополнительная скидка по акции «Готовимся к лету!» ЕЩЁ -10%,https://sokolov.ru/jewelry-catalog/product/028928/,7 000 руб. - 8 000 руб.
2024-06-05,Sokolov,3.1,26460.0,БК СЕРЬГИ,8535.0,нет скидочного купона,https://sokolov.ru/jewelry-catalog/product/028928?reviews/,8 000 руб. - 9 000 руб.
2024-06-05,Sokolov,5.46,44100.0,БК СЕРЬГИ,8077.0,нет скидочного купона,https://sokolov.ru/jewelry-catalog/product/029045/,8 000 руб. - 9 000 руб.
2024-06-05,Sokolov,5.46,44100.0,БК СЕРЬГИ,8077.0,нет скидочного купона,https://sokolov.ru/jewelry-catalog/product/029045?reviews/,8 000 руб. - 9 000 руб.
2024-06-05,Sokolov,1.35,13545.0,БК СЕРЬГИ,10033.0,нет скидочного купона,https://sokolov.ru/jewelry-catalog/product/029059/,свыше 10 000 руб.
2024-06-05,Sokolov,1.35,13545.0,БК СЕРЬГИ,10033.0,нет скидочного купона,https://sokolov.ru/jewelry-catalog/product/029059?reviews/,свыше 10 000 руб.
2024-06-05,Sokolov,1.04,9135.0,БК СЕРЬГИ,8784.0,нет скидочного купона,https://sokolov.ru/jewelry-catalog/product/029138/,8 000 руб. - 9 000 руб.
2024-06-05,Sokolov,1.04,9135.0,БК СЕРЬГИ,8784.0,нет скидочного купона,https://sokolov.ru/jewelry-catalog/product/029138?reviews/,8 000 руб. - 9 000 руб.
2024-06-05,Sokolov,3.3,27090.0,БК СЕРЬГИ,8209.0,нет скидочного купона,https://sokolov.ru/jewelry-catalog/product/029161/,8 000 руб. - 9 000 руб.
2024-06-05,Sokolov,3.3,27090.0,БК СЕРЬГИ,8209.0,нет скидочного купона,https://sokolov.ru/jewelry-catalog/product/029161?reviews/,8 000 руб. - 9 000 руб.
2024-06-05,Sokolov,1.74,14805.0,БК СЕРЬГИ,8509.0,нет скидочного купона,https://sokolov.ru/jewelry-catalog/product/029182/,8 000 руб. - 9 000 руб.
2024-06-05,Sokolov,1.74,14805.0,БК СЕРЬГИ,8509.0,нет скидочного купона,https://sokolov.ru/jewelry-catalog/product/029182?reviews/,8 000 руб. - 9 000 руб.
2024-06-05,Sokolov,2.76,19845.0,БК СЕРЬГИ,7190.0,Дополнительная скидка по акции «Готовимся к лету!» ЕЩЁ -10%,https://sokolov.ru/jewelry-catalog/product/029194/,7 000 руб. - 8 000 руб.
2024-06-05,Sokolov,2.76,22050.0,БК СЕРЬГИ,7989.0,нет скидочного купона,https://sokolov.ru/jewelry-catalog/product/029194?reviews/,7 000 руб. - 8 000 руб.
2024-06-05,Sokolov,1.27,8820.0,БК СЕРЬГИ,6945.0,нет скидочного купона,https://sokolov.ru/jewelry-catalog/product/029211/,6 500 руб. - 7 000 руб.
2024-06-05,Sokolov,1.27,8820.0,БК СЕРЬГИ,6945.0,нет скидочного купона,https://sokolov.ru/jewelry-catalog/product/029211?reviews/,6 500 руб. - 7 000 руб.
2024-06-05,Sokolov,4.57,34650.0,БК СЕРЬГИ,7582.0,нет скидочного купона,https://sokolov.ru/jewelry-catalog/product/029242/,7 000 руб. - 8 000 руб.
2024-06-05,Sokolov,4.57,34650.0,БК СЕРЬГИ,7582.0,нет скидочного купона,https://sokolov.ru/jewelry-catalog/product/029242?reviews/,7 000 руб. - 8 000 руб.
2024-06-05,Sokolov,2.38,17577.0,БК СЕРЬГИ,7385.0,Дополнительная скидка по акции «Готовимся к лету!» ЕЩЁ -10%,https://sokolov.ru/jewelry-catalog/product/029243/,7 000 руб. - 8 000 руб.
2024-06-05,Sokolov,2.38,19530.0,БК СЕРЬГИ,8206.0,нет скидочного купона,https://sokolov.ru/jewelry-catalog/product/029243?reviews/,8 000 руб. - 9 000 руб.
2024-06-05,Sokolov,2.53,20790.0,БК СЕРЬГИ,8217.0,нет скидочного купона,https://sokolov.ru/jewelry-catalog/product/029246/,8 000 руб. - 9 000 руб.
2024-06-05,Sokolov,2.53,20790.0,БК СЕРЬГИ,8217.0,нет скидочного купона,https://sokolov.ru/jewelry-catalog/product/029246?reviews/,8 000 руб. - 9 000 руб.
2024-06-05,Sokolov,3.21,21420.0,БК СЕРЬГИ,6673.0,нет скидочного купона,https://sokolov.ru/jewelry-catalog/product/029249/,6 500 руб. - 7 000 руб.
2024-06-05,Sokolov,3.21,21420.0,БК СЕРЬГИ,6673.0,нет скидочного купона,https://sokolov.ru/jewelry-catalog/product/029249?reviews/,6 500 руб. - 7 000 руб.
2024-06-05,Sokolov,2.87,25830.0,БК СЕРЬГИ,9000.0,нет скидочного купона,https://sokolov.ru/jewelry-catalog/product/029323/,8 000 руб. - 9 000 руб.
2024-06-05,Sokolov,2.87,25830.0,БК СЕРЬГИ,9000.0,нет скидочного купона,https://sokolov.ru/jewelry-catalog/product/029323?reviews/,8 000 руб. - 9 000 руб.
2024-06-05,Sokolov,1.87,15120.0,БК СЕРЬГИ,8086.0,Дополнительная скидка по акции «Готовимся к лету!» ЕЩЁ -20%,https://sokolov.ru/jewelry-catalog/product/029365/,8 000 руб. - 9 000 руб.
2024-06-05,Sokolov,1.87,18900.0,БК СЕРЬГИ,10107.0,нет скидочного купона,https://sokolov.ru/jewelry-catalog/product/029365?reviews/,свыше 10 000 руб.
2024-06-05,Sokolov,0.89,6804.0,БК СЕРЬГИ,7645.0,Дополнительная скидка по акции «Готовимся к лету!» ЕЩЁ -10%,https://sokolov.ru/jewelry-catalog/product/029410/,7 000 руб. - 8 000 руб.
2024-06-05,Sokolov,0.89,7560.0,БК СЕРЬГИ,8494.0,нет скидочного купона,https://sokolov.ru/jewelry-catalog/product/029410?reviews/,8 000 руб. - 9 000 руб.
2024-06-05,Sokolov,0.65,5386.5,БК СЕРЬГИ,8287.0,Дополнительная скидка по акции «Готовимся к лету!» ЕЩЁ -10%,https://sokolov.ru/jewelry-catalog/product/029432-2/,8 000 руб. - 9 000 руб.
2024-06-05,Sokolov,0.65,5985.0,БК СЕРЬГИ,9208.0,нет скидочного купона,https://sokolov.ru/jewelry-catalog/product/029432-2?reviews/,9 000 руб. - 10 000 руб.
2024-06-05,Sokolov,1.23,11340.0,БК СЕРЬГИ,9220.0,нет скидочного купона,https://sokolov.ru/jewelry-catalog/product/029445/,9 000 руб. - 10 000 руб.
2024-06-05,Sokolov,1.23,11340.0,БК СЕРЬГИ,9220.0,нет скидочного купона,https://sokolov.ru/jewelry-catalog/product/029445?reviews/,9 000 руб. - 10 000 руб.
2024-06-05,Sokolov,2.53,18144.0,БК СЕРЬГИ,7172.0,Дополнительная скидка по акции «Готовимся к лету!» ЕЩЁ -10%,https://sokolov.ru/jewelry-catalog/product/029465/,7 000 руб. - 8 000 руб.
2024-06-05,Sokolov,2.53,20160.0,БК СЕРЬГИ,7968.0,нет скидочного купона,https://sokolov.ru/jewelry-catalog/product/029465?reviews/,7 000 руб. - 8 000 руб.
2024-06-05,Sokolov,2.92,20475.0,БК СЕРЬГИ,7012.0,нет скидочного купона,https://sokolov.ru/jewelry-catalog/product/029504/,7 000 руб. - 8 000 руб.
2024-06-05,Sokolov,2.92,20475.0,БК СЕРЬГИ,7012.0,нет скидочного купона,https://sokolov.ru/jewelry-catalog/product/029504?reviews/,7 000 руб. - 8 000 руб.
2024-06-05,Sokolov,2.73,19278.0,БК СЕРЬГИ,7062.0,Дополнительная скидка по акции «Готовимся к лету!» ЕЩЁ -10%,https://sokolov.ru/jewelry-catalog/product/029547/,7 000 руб. - 8 000 руб.
2024-06-05,Sokolov,2.73,21420.0,БК СЕРЬГИ,7846.0,нет скидочного купона,https://sokolov.ru/jewelry-catalog/product/029547?reviews/,7 000 руб. - 8 000 руб.
2024-06-05,Sokolov,0.83,6804.0,БК СЕРЬГИ,8198.0,Дополнительная скидка по акции «Готовимся к лету!» ЕЩЁ -10%,https://sokolov.ru/jewelry-catalog/product/029560/,8 000 руб. - 9 000 руб.
2024-06-05,Sokolov,0.83,7560.0,БК СЕРЬГИ,9108.0,нет скидочного купона,https://sokolov.ru/jewelry-catalog/product/029560?reviews/,9 000 руб. - 10 000 руб.
2024-06-05,Sokolov,1.84,15750.0,БК СЕРЬГИ,8560.0,нет скидочного купона,https://sokolov.ru/jewelry-catalog/product/029706/,8 000 руб. - 9 000 руб.
2024-06-05,Sokolov,1.84,15750.0,БК СЕРЬГИ,8560.0,нет скидочного купона,https://sokolov.ru/jewelry-catalog/product/029706?reviews/,8 000 руб. - 9 000 руб.
2024-06-05,Sokolov,2.38,18144.0,БК СЕРЬГИ,7624.0,Дополнительная скидка по акции «Готовимся к лету!» ЕЩЁ -10%,https://sokolov.ru/jewelry-catalog/product/029727/,7 000 руб. - 8 000 руб.
2024-06-05,Sokolov,2.38,20160.0,БК СЕРЬГИ,8471.0,нет скидочного купона,https://sokolov.ru/jewelry-catalog/product/029727?reviews/,8 000 руб. - 9 000 руб.
2024-06-05,Sokolov,1.96,19530.0,БК СЕРЬГИ,9964.0,нет скидочного купона,https://sokolov.ru/jewelry-catalog/product/029732/,9 000 руб. - 10 000 руб.
2024-06-05,Sokolov,1.96,19530.0,БК СЕРЬГИ,9964.0,нет скидочного купона,https://sokolov.ru/jewelry-catalog/product/029732?reviews/,9 000 руб. - 10 000 руб.
2024-06-05,Sokolov,1.13,9072.0,БК СЕРЬГИ,8028.0,Дополнительная скидка по акции «Готовимся к лету!» ЕЩЁ -10%,https://sokolov.ru/jewelry-catalog/product/029801/,8 000 руб. - 9 000 руб.
2024-06-05,Sokolov,1.13,10080.0,БК СЕРЬГИ,8920.0,нет скидочного купона,https://sokolov.ru/jewelry-catalog/product/029801?reviews/,8 000 руб. - 9 000 руб.
2024-06-05,Sokolov,2.14,18900.0,БК СЕРЬГИ,8832.0,нет скидочного купона,https://sokolov.ru/jewelry-catalog/product/029859/,8 000 руб. - 9 000 руб.
2024-06-05,Sokolov,2.14,18900.0,БК СЕРЬГИ,8832.0,нет скидочного купона,https://sokolov.ru/jewelry-catalog/product/029859?reviews/,8 000 руб. - 9 000 руб.
2024-06-05,Sokolov,1.2,10206.0,БК СЕРЬГИ,8505.0,Дополнительная скидка по акции «Готовимся к лету!» ЕЩЁ -10%,https://sokolov.ru/jewelry-catalog/product/029920/,8 000 руб. - 9 000 руб.
2024-06-05,Sokolov,1.2,11340.0,БК СЕРЬГИ,9450.0,нет скидочного купона,https://sokolov.ru/jewelry-catalog/product/029920?reviews/,9 000 руб. - 10 000 руб.
2024-06-05,Sokolov,1.1,7938.0,БК СЕРЬГИ,7216.0,Дополнительная скидка по акции «Готовимся к лету!» ЕЩЁ -10%,https://sokolov.ru/jewelry-catalog/product/029998/,7 000 руб. - 8 000 руб.
2024-06-05,Sokolov,1.1,8820.0,БК СЕРЬГИ,8018.0,нет скидочного купона,https://sokolov.ru/jewelry-catalog/product/029998?reviews/,8 000 руб. - 9 000 руб.
2024-06-05,Sokolov,1.92,13650.0,БК ПОДВЕС ДЕКОР,7109.0,нет скидочного купона,https://sokolov.ru/jewelry-catalog/product/031199/,7 000 руб. - 8 000 руб.
2024-06-05,Sokolov,1.92,13650.0,БК ПОДВЕС ДЕКОР,7109.0,нет скидочного купона,https://sokolov.ru/jewelry-catalog/product/031199?reviews/,7 000 руб. - 8 000 руб.
2024-06-05,Sokolov,1.85,16695.0,БК ПОДВЕС ДЕКОР,9024.0,нет скидочного купона,https://sokolov.ru/jewelry-catalog/product/031202/,9 000 руб. - 10 000 руб.
2024-06-05,Sokolov,1.85,16695.0,БК ПОДВЕС ДЕКОР,9024.0,нет скидочного купона,https://sokolov.ru/jewelry-catalog/product/031202?reviews/,9 000 руб. - 10 000 руб.
2024-06-05,Sokolov,0.67,6615.0,БК ПОДВЕС ДЕКОР,9873.0,нет скидочного купона,https://sokolov.ru/jewelry-catalog/product/031294/,9 000 руб. - 10 000 руб.
2024-06-05,Sokolov,0.67,6615.0,БК ПОДВЕС ДЕКОР,9873.0,нет скидочного купона,https://sokolov.ru/jewelry-catalog/product/031294?reviews/,9 000 руб. - 10 000 руб.
2024-06-05,Sokolov,0.7,5796.0,БК ПОДВЕС ДЕКОР,8280.0,Дополнительная скидка по акции «Готовимся к лету!» ЕЩЁ -20%,https://sokolov.ru/jewelry-catalog/product/031302/,8 000 руб. - 9 000 руб.
2024-06-05,Sokolov,0.7,7245.0,БК ПОДВЕС ДЕКОР,10350.0,нет скидочного купона,https://sokolov.ru/jewelry-catalog/product/031302?reviews/,свыше 10 000 руб.
2024-06-05,Sokolov,0.92,8221.5,БК ПОДВЕС ДЕКОР,8936.0,Дополнительная скидка по акции «Готовимся к лету!» ЕЩЁ -10%,https://sokolov.ru/jewelry-catalog/product/031366/,8 000 руб. - 9 000 руб.
2024-06-05,Sokolov,0.92,9135.0,БК ПОДВЕС ДЕКОР,9929.0,нет скидочного купона,https://sokolov.ru/jewelry-catalog/product/031366?reviews/,9 000 руб. - 10 000 руб.
2024-06-05,Sokolov,0.9,7560.0,БК ПОДВЕС ДЕКОР,8400.0,нет скидочного купона,https://sokolov.ru/jewelry-catalog/product/031372/,8 000 руб. - 9 000 руб.
2024-06-05,Sokolov,0.9,7560.0,БК ПОДВЕС ДЕКОР,8400.0,нет скидочного купона,https://sokolov.ru/jewelry-catalog/product/031372?reviews/,8 000 руб. - 9 000 руб.
2024-06-05,Sokolov,0.93,9135.0,БК ПОДВЕС ДЕКОР,9823.0,нет скидочного купона,https://sokolov.ru/jewelry-catalog/product/031375/,9 000 руб. - 10 000 руб.
2024-06-05,Sokolov,0.93,9135.0,БК ПОДВЕС ДЕКОР,9823.0,нет скидочного купона,https://sokolov.ru/jewelry-catalog/product/031375?reviews/,9 000 руб. - 10 000 руб.
2024-06-05,Sokolov,0.94,8190.0,БК ПОДВЕС ДЕКОР,8713.0,нет скидочного купона,https://sokolov.ru/jewelry-catalog/product/031376/,8 000 руб. - 9 000 руб.
2024-06-05,Sokolov,0.94,8190.0,БК ПОДВЕС ДЕКОР,8713.0,нет скидочного купона,https://sokolov.ru/jewelry-catalog/product/031376?reviews/,8 000 руб. - 9 000 руб.
2024-06-05,Sokolov,0.85,6520.5,БК ПОДВЕС ДЕКОР,7671.0,Дополнительная скидка по акции «Готовимся к лету!» ЕЩЁ -10%,https://sokolov.ru/jewelry-catalog/product/031377/,7 000 руб. - 8 000 руб.
2024-06-05,Sokolov,0.85,7245.0,БК ПОДВЕС ДЕКОР,8524.0,нет скидочного купона,https://sokolov.ru/jewelry-catalog/product/031377?reviews/,8 000 руб. - 9 000 руб.
2024-06-05,Sokolov,0.82,6237.0,БК ПОДВЕС ДЕКОР,7606.0,Дополнительная скидка по акции «Готовимся к лету!» ЕЩЁ -10%,https://sokolov.ru/jewelry-catalog/product/031382/,7 000 руб. - 8 000 руб.
2024-06-05,Sokolov,0.82,6930.0,БК ПОДВЕС ДЕКОР,8451.0,нет скидочного купона,https://sokolov.ru/jewelry-catalog/product/031382?reviews/,8 000 руб. - 9 000 руб.
2024-06-05,Sokolov,1.24,10395.0,БК ПОДВЕС ДЕКОР,8383.0,нет скидочного купона,https://sokolov.ru/jewelry-catalog/product/031640/,8 000 руб. - 9 000 руб.
2024-06-05,Sokolov,1.24,10395.0,БК ПОДВЕС ДЕКОР,8383.0,нет скидочного купона,https://sokolov.ru/jewelry-catalog/product/031640?reviews/,8 000 руб. - 9 000 руб.
2024-06-05,Sokolov,1.25,8820.0,БК ПОДВЕС ДЕКОР,7056.0,нет скидочного купона,https://sokolov.ru/jewelry-catalog/product/031643/,7 000 руб. - 8 000 руб.
2024-06-05,Sokolov,1.25,8820.0,БК ПОДВЕС ДЕКОР,7056.0,нет скидочного купона,https://sokolov.ru/jewelry-catalog/product/031643?reviews/,7 000 руб. - 8 000 руб.
2024-06-05,Sokolov,1.13,9450.0,БК ПОДВЕС ДЕКОР,8363.0,нет скидочного купона,https://sokolov.ru/jewelry-catalog/product/032329/,8 000 руб. - 9 000 руб.
2024-06-05,Sokolov,1.13,9450.0,БК ПОДВЕС ДЕКОР,8363.0,нет скидочного купона,https://sokolov.ru/jewelry-catalog/product/032329?reviews/,8 000 руб. - 9 000 руб.
2024-06-05,Sokolov,1.15,10395.0,БК ПОДВЕС ДЕКОР,9039.0,нет скидочного купона,https://sokolov.ru/jewelry-catalog/product/032332/,9 000 руб. - 10 000 руб.
2024-06-05,Sokolov,1.15,10395.0,БК ПОДВЕС ДЕКОР,9039.0,нет скидочного купона,https://sokolov.ru/jewelry-catalog/product/032332?reviews/,9 000 руб. - 10 000 руб.
2024-06-05,Sokolov,0.73,8221.5,БК ПОДВЕС КУЛЬТ,11262.0,Дополнительная скидка по акции «Готовимся к лету!» ЕЩЁ -10%,https://sokolov.ru/jewelry-catalog/product/032822/,свыше 10 000 руб.
2024-06-05,Sokolov,0.73,9135.0,БК ПОДВЕС КУЛЬТ,12514.0,нет скидочного купона,https://sokolov.ru/jewelry-catalog/product/032822?reviews/,свыше 10 000 руб.
2024-06-05,Sokolov,0.73,7308.0,БК ПОДВЕС КУЛЬТ,10011.0,Дополнительная скидка по акции «Готовимся к лету!» ЕЩЁ -20%,https://sokolov.ru/jewelry-catalog/product/032823/,свыше 10 000 руб.
2024-06-05,Sokolov,0.73,9135.0,БК ПОДВЕС КУЛЬТ,12514.0,нет скидочного купона,https://sokolov.ru/jewelry-catalog/product/032823?reviews/,свыше 10 000 руб.
2024-06-05,Sokolov,0.31,3147.2,БК ПОДВЕС ДЕКОР,10152.0,Дополнительная скидка по акции «Готовимся к лету!» ЕЩЁ -20%,https://sokolov.ru/jewelry-catalog/product/034668/,свыше 10 000 руб.
2024-06-05,Sokolov,0.31,3934.0,БК ПОДВЕС ДЕКОР,12690.0,нет скидочного купона,https://sokolov.ru/jewelry-catalog/product/034668?reviews/,свыше 10 000 руб.
2024-06-05,Sokolov,0.36,3276.0,БК ПОДВЕС ДЕКОР,9100.0,Дополнительная скидка по акции «Готовимся к лету!» ЕЩЁ -20%,https://sokolov.ru/jewelry-catalog/product/034682/,9 000 руб. - 10 000 руб.
2024-06-05,Sokolov,0.36,4095.0,БК ПОДВЕС ДЕКОР,11375.0,нет скидочного купона,https://sokolov.ru/jewelry-catalog/product/034682?reviews/,свыше 10 000 руб.
2024-06-05,Sokolov,0.75,7087.5,БК ПОДВЕС КУЛЬТ,9450.0,Дополнительная скидка по акции «Готовимся к лету!» ЕЩЁ -10%,https://sokolov.ru/jewelry-catalog/product/035377/,9 000 руб. - 10 000 руб.
2024-06-05,Sokolov,0.75,7875.0,БК ПОДВЕС КУЛЬТ,10500.0,нет скидочного купона,https://sokolov.ru/jewelry-catalog/product/035377?reviews/,свыше 10 000 руб.
2024-06-05,Sokolov,1.37,10395.0,БК ПОДВЕС ДЕКОР,7588.0,нет скидочного купона,https://sokolov.ru/jewelry-catalog/product/035701/,7 000 руб. - 8 000 руб.
2024-06-05,Sokolov,1.37,10395.0,БК ПОДВЕС ДЕКОР,7588.0,нет скидочного купона,https://sokolov.ru/jewelry-catalog/product/035701?reviews/,7 000 руб. - 8 000 руб.
2024-06-05,Sokolov,0.81,7560.0,БК ПОДВЕС ДЕКОР,9333.0,Дополнительная скидка по акции «Готовимся к лету!» ЕЩЁ -20%,https://sokolov.ru/jewelry-catalog/product/035924/,9 000 руб. - 10 000 руб.
2024-06-05,Sokolov,0.81,9450.0,БК ПОДВЕС ДЕКОР,11667.0,нет скидочного купона,https://sokolov.ru/jewelry-catalog/product/035924?reviews/,свыше 10 000 руб.
2024-06-05,Sokolov,1.1,10395.0,БК ПОДВЕС ДЕКОР,9450.0,нет скидочного купона,https://sokolov.ru/jewelry-catalog/product/035932/,9 000 руб. - 10 000 руб.
2024-06-05,Sokolov,1.1,10395.0,БК ПОДВЕС ДЕКОР,9450.0,нет скидочного купона,https://sokolov.ru/jewelry-catalog/product/035932?reviews/,9 000 руб. - 10 000 руб.
2024-06-05,Sokolov,1.49,13545.0,БК ПОДВЕС ДЕКОР,9091.0,нет скидочного купона,https://sokolov.ru/jewelry-catalog/product/036014/,9 000 руб. - 10 000 руб.
2024-06-05,Sokolov,1.49,13545.0,БК ПОДВЕС ДЕКОР,9091.0,нет скидочного купона,https://sokolov.ru/jewelry-catalog/product/036014?reviews/,9 000 руб. - 10 000 руб.
2024-06-05,Sokolov,1.06,9355.5,БК ПОДВЕС ДЕКОР,8826.0,Дополнительная скидка по акции «Готовимся к лету!» ЕЩЁ -10%,https://sokolov.ru/jewelry-catalog/product/036075/,8 000 руб. - 9 000 руб.
2024-06-05,Sokolov,1.06,10395.0,БК ПОДВЕС ДЕКОР,9807.0,нет скидочного купона,https://sokolov.ru/jewelry-catalog/product/036075?reviews/,9 000 руб. - 10 000 руб.
2024-06-05,Sokolov,0.54,5670.0,БК ПОДВЕС ДЕКОР,10500.0,Дополнительная скидка по акции «Готовимся к лету!» ЕЩЁ -10%,https://sokolov.ru/jewelry-catalog/product/036079/,свыше 10 000 руб.
2024-06-05,Sokolov,0.54,6300.0,БК ПОДВЕС ДЕКОР,11667.0,нет скидочного купона,https://sokolov.ru/jewelry-catalog/product/036079?reviews/,свыше 10 000 руб.
2024-06-05,Sokolov,1.2,11970.0,БК ПОДВЕС ДЕКОР,9975.0,нет скидочного купона,https://sokolov.ru/jewelry-catalog/product/036120/,9 000 руб. - 10 000 руб.
2024-06-05,Sokolov,1.2,11970.0,БК ПОДВЕС ДЕКОР,9975.0,нет скидочного купона,https://sokolov.ru/jewelry-catalog/product/036120?reviews/,9 000 руб. - 10 000 руб.
2024-06-05,Sokolov,0.63,7245.0,БК ПОДВЕС ДЕКОР,11500.0,нет скидочного купона,https://sokolov.ru/jewelry-catalog/product/036126/,свыше 10 000 руб.
2024-06-05,Sokolov,0.63,7245.0,БК ПОДВЕС ДЕКОР,11500.0,нет скидочного купона,https://sokolov.ru/jewelry-catalog/product/036126?reviews/,свыше 10 000 руб.
2024-06-05,Sokolov,0.32,3824.1000000000004,БК ПОДВЕС ДЕКОР,11950.0,Дополнительная скидка по акции «Готовимся к лету!» ЕЩЁ -10%,https://sokolov.ru/jewelry-catalog/product/036195/,свыше 10 000 руб.
2024-06-05,Sokolov,0.32,4249.0,БК ПОДВЕС ДЕКОР,13278.0,нет скидочного купона,https://sokolov.ru/jewelry-catalog/product/036195?reviews/,свыше 10 000 руб.
2024-06-05,Sokolov,0.82,9135.0,БК ПОДВЕС ДЕКОР,11140.0,нет скидочного купона,https://sokolov.ru/jewelry-catalog/product/036411/,свыше 10 000 руб.
2024-06-05,Sokolov,0.82,9135.0,БК ПОДВЕС ДЕКОР,11140.0,нет скидочного купона,https://sokolov.ru/jewelry-catalog/product/036411?reviews/,свыше 10 000 руб.
2024-06-05,Sokolov,1.28,12600.0,БК ПОДВЕС ДЕКОР,9844.0,нет скидочного купона,https://sokolov.ru/jewelry-catalog/product/036422/,9 000 руб. - 10 000 руб.
2024-06-05,Sokolov,1.28,12600.0,БК ПОДВЕС ДЕКОР,9844.0,нет скидочного купона,https://sokolov.ru/jewelry-catalog/product/036422?reviews/,9 000 руб. - 10 000 руб.
2024-06-05,Sokolov,0.87,7087.5,БК ПОДВЕС ДЕКОР,8147.0,Дополнительная скидка по акции «Готовимся к лету!» ЕЩЁ -10%,https://sokolov.ru/jewelry-catalog/product/036429/,8 000 руб. - 9 000 руб.
2024-06-05,Sokolov,0.87,7875.0,БК ПОДВЕС ДЕКОР,9052.0,нет скидочного купона,https://sokolov.ru/jewelry-catalog/product/036429?reviews/,9 000 руб. - 10 000 руб.
2024-06-05,Sokolov,0.68,5953.5,БК ПОДВЕС ДЕКОР,8755.0,Дополнительная скидка по акции «Готовимся к лету!» ЕЩЁ -10%,https://sokolov.ru/jewelry-catalog/product/036466/,8 000 руб. - 9 000 руб.
2024-06-05,Sokolov,0.68,6615.0,БК ПОДВЕС ДЕКОР,9728.0,нет скидочного купона,https://sokolov.ru/jewelry-catalog/product/036466?reviews/,9 000 руб. - 10 000 руб.
2024-06-05,Sokolov,5.17,51975.0,ЦБ БРАСЛЕТЫ,10053.0,нет скидочного купона,https://sokolov.ru/jewelry-catalog/product/050292/,свыше 10 000 руб.
2024-06-05,Sokolov,5.17,51975.0,ЦБ БРАСЛЕТЫ,10053.0,нет скидочного купона,https://sokolov.ru/jewelry-catalog/product/050292?reviews/,свыше 10 000 руб.
2024-06-05,Sokolov,4.97,45675.0,ЦБ БРАСЛЕТЫ,9190.0,нет скидочного купона,https://sokolov.ru/jewelry-catalog/product/050365/,9 000 руб. - 10 000 руб.
2024-06-05,Sokolov,4.97,45675.0,ЦБ БРАСЛЕТЫ,9190.0,нет скидочного купона,https://sokolov.ru/jewelry-catalog/product/050365?reviews/,9 000 руб. - 10 000 руб.
2024-06-05,Sokolov,1.61,15025.5,ЦБ БРАСЛЕТЫ,9333.0,Дополнительная скидка по акции «Готовимся к лету!» ЕЩЁ -10%,https://sokolov.ru/jewelry-catalog/product/050867/,9 000 руб. - 10 000 руб.
2024-06-05,Sokolov,1.61,16695.0,ЦБ БРАСЛЕТЫ,10370.0,нет скидочного купона,https://sokolov.ru/jewelry-catalog/product/050867?reviews/,свыше 10 000 руб.
2024-06-05,Sokolov,3.1,24097.5,ЦБ БРАСЛЕТЫ,7773.0,Дополнительная скидка по акции «Готовимся к лету!» ЕЩЁ -10%,https://sokolov.ru/jewelry-catalog/product/051195/,7 000 руб. - 8 000 руб.
2024-06-05,Sokolov,3.1,26775.0,ЦБ БРАСЛЕТЫ,8637.0,нет скидочного купона,https://sokolov.ru/jewelry-catalog/product/051195?reviews/,8 000 руб. - 9 000 руб.
2024-06-05,Sokolov,4.94,38272.5,ЦБ БРАСЛЕТЫ,7747.0,Дополнительная скидка по акции «Готовимся к лету!» ЕЩЁ -10%,https://sokolov.ru/jewelry-catalog/product/051201/,7 000 руб. - 8 000 руб.
2024-06-05,Sokolov,4.94,42525.0,ЦБ БРАСЛЕТЫ,8608.0,нет скидочного купона,https://sokolov.ru/jewelry-catalog/product/051201?reviews/,8 000 руб. - 9 000 руб.
2024-06-05,Sokolov,1.1,11970.0,ЦБ БРАСЛЕТЫ,10882.0,нет скидочного купона,https://sokolov.ru/jewelry-catalog/product/051345-3/,свыше 10 000 руб.
2024-06-05,Sokolov,1.1,11970.0,ЦБ БРАСЛЕТЫ,10882.0,нет скидочного купона,https://sokolov.ru/jewelry-catalog/product/051345-3?reviews/,свыше 10 000 руб.
2024-06-05,Sokolov,0.97,8221.5,ЦБ БРАСЛЕТЫ,8476.0,Дополнительная скидка по акции «Готовимся к лету!» ЕЩЁ -10%,https://sokolov.ru/jewelry-catalog/product/051383/,8 000 руб. - 9 000 руб.
2024-06-05,Sokolov,0.97,9135.0,ЦБ БРАСЛЕТЫ,9418.0,нет скидочного купона,https://sokolov.ru/jewelry-catalog/product/051383?reviews/,9 000 руб. - 10 000 руб.
2024-06-05,Sokolov,3.14,28980.0,ЦБ БРАСЛЕТЫ,9229.0,Дополнительная скидка по акции «Готовимся к лету!» ЕЩЁ -20%,https://sokolov.ru/jewelry-catalog/product/051395/,9 000 руб. - 10 000 руб.
2024-06-05,Sokolov,3.14,36225.0,ЦБ БРАСЛЕТЫ,11537.0,нет скидочного купона,https://sokolov.ru/jewelry-catalog/product/051395?reviews/,свыше 10 000 руб.
2024-06-05,Sokolov,2.42,19278.0,ЦБ БРАСЛЕТЫ,7966.0,Дополнительная скидка по акции «Готовимся к лету!» ЕЩЁ -10%,https://sokolov.ru/jewelry-catalog/product/051401/,7 000 руб. - 8 000 руб.
2024-06-05,Sokolov,2.21,20160.0,ЦБ БРАСЛЕТЫ,9122.0,Дополнительная скидка по акции «Готовимся к лету!» ЕЩЁ -20%,https://sokolov.ru/jewelry-catalog/product/051403/,9 000 руб. - 10 000 руб.
2024-06-05,Sokolov,2.21,25200.0,ЦБ БРАСЛЕТЫ,11403.0,нет скидочного купона,https://sokolov.ru/jewelry-catalog/product/051403?reviews/,свыше 10 000 руб.
2024-06-05,Sokolov,6.79,56700.0,ЦБ БРАСЛЕТЫ,8351.0,Дополнительная скидка по акции «Готовимся к лету!» ЕЩЁ -10%,https://sokolov.ru/jewelry-catalog/product/051430/,8 000 руб. - 9 000 руб.
2024-06-05,Sokolov,6.79,63000.0,ЦБ БРАСЛЕТЫ,9278.0,нет скидочного купона,https://sokolov.ru/jewelry-catalog/product/051430?reviews/,9 000 руб. - 10 000 руб.
2024-06-05,Sokolov,0.55,5670.0,БК ПОДВЕС КУЛЬТ,10309.0,Дополнительная скидка по акции «Готовимся к лету!» ЕЩЁ -10%,https://sokolov.ru/jewelry-catalog/product/103999/,свыше 10 000 руб.
2024-06-05,Sokolov,0.55,6300.0,БК ПОДВЕС КУЛЬТ,11455.0,нет скидочного купона,https://sokolov.ru/jewelry-catalog/product/103999?reviews/,свыше 10 000 руб.
2024-06-05,Sokolov,0.55,5386.5,БК ПОДВЕС КУЛЬТ,9794.0,Дополнительная скидка по акции «Готовимся к лету!» ЕЩЁ -10%,https://sokolov.ru/jewelry-catalog/product/104001/,9 000 руб. - 10 000 руб.
2024-06-05,Sokolov,0.55,5985.0,БК ПОДВЕС КУЛЬТ,10882.0,нет скидочного купона,https://sokolov.ru/jewelry-catalog/product/104001?reviews/,свыше 10 000 руб.
2024-06-05,Sokolov,2.0,16695.0,БК ПОДВЕС КУЛЬТ,8348.0,нет скидочного купона,https://sokolov.ru/jewelry-catalog/product/104012/,8 000 руб. - 9 000 руб.
2024-06-05,Sokolov,2.0,16695.0,БК ПОДВЕС КУЛЬТ,8348.0,нет скидочного купона,https://sokolov.ru/jewelry-catalog/product/104012?reviews/,8 000 руб. - 9 000 руб.
2024-06-05,Sokolov,2.7,24570.0,БК КОЛЬЦА ОБРУЧ,9100.0,нет скидочного купона,https://sokolov.ru/jewelry-catalog/product/110153/,9 000 руб. - 10 000 руб.
2024-06-05,Sokolov,2.7,24570.0,БК КОЛЬЦА ОБРУЧ,9100.0,нет скидочного купона,https://sokolov.ru/jewelry-catalog/product/110153?reviews/,9 000 руб. - 10 000 руб.
2024-06-05,Sokolov,1.78,15750.0,БК КОЛЬЦА ОБРУЧ,8848.0,нет скидочного купона,https://sokolov.ru/jewelry-catalog/product/110210/,8 000 руб. - 9 000 руб.
2024-06-05,Sokolov,1.78,15750.0,БК КОЛЬЦА ОБРУЧ,8848.0,нет скидочного купона,https://sokolov.ru/jewelry-catalog/product/110210?reviews/,8 000 руб. - 9 000 руб.
2024-06-05,Sokolov,3.43,26600.0,БК КОЛЬЦА ОБРУЧ,7755.0,нет скидочного купона,https://sokolov.ru/jewelry-catalog/product/111003-01/,7 000 руб. - 8 000 руб.
2024-06-05,Sokolov,3.43,26600.0,БК КОЛЬЦА ОБРУЧ,7755.0,нет скидочного купона,https://sokolov.ru/jewelry-catalog/product/111003-01?reviews/,7 000 руб. - 8 000 руб.
2024-06-05,Sokolov,2.22,15592.5,БК ПОДВЕС КУЛЬТ,7024.0,Дополнительная скидка по акции «Готовимся к лету!» ЕЩЁ -10%,https://sokolov.ru/jewelry-catalog/product/120011/,7 000 руб. - 8 000 руб.
2024-06-05,Sokolov,2.22,17325.0,БК ПОДВЕС КУЛЬТ,7804.0,нет скидочного купона,https://sokolov.ru/jewelry-catalog/product/120011?reviews/,7 000 руб. - 8 000 руб.
2024-06-05,Sokolov,1.98,15120.0,БК ПОДВЕС КУЛЬТ,7636.0,нет скидочного купона,https://sokolov.ru/jewelry-catalog/product/120012/,7 000 руб. - 8 000 руб.
2024-06-05,Sokolov,1.98,15120.0,БК ПОДВЕС КУЛЬТ,7636.0,нет скидочного купона,https://sokolov.ru/jewelry-catalog/product/120012?reviews/,7 000 руб. - 8 000 руб.
2024-06-05,Sokolov,2.57,22050.0,БК ПОДВЕС КУЛЬТ,8580.0,нет скидочного купона,https://sokolov.ru/jewelry-catalog/product/120037/,8 000 руб. - 9 000 руб.
2024-06-05,Sokolov,2.57,22050.0,БК ПОДВЕС КУЛЬТ,8580.0,нет скидочного купона,https://sokolov.ru/jewelry-catalog/product/120037?reviews/,8 000 руб. - 9 000 руб.
2024-06-05,Sokolov,1.01,9450.0,БК ПОДВЕС КУЛЬТ,9356.0,нет скидочного купона,https://sokolov.ru/jewelry-catalog/product/120046/,9 000 руб. - 10 000 руб.
2024-06-05,Sokolov,1.01,9450.0,БК ПОДВЕС КУЛЬТ,9356.0,нет скидочного купона,https://sokolov.ru/jewelry-catalog/product/120046?reviews/,9 000 руб. - 10 000 руб.
2024-06-05,Sokolov,1.04,9355.5,БК ПОДВЕС КУЛЬТ,8996.0,Дополнительная скидка по акции «Готовимся к лету!» ЕЩЁ -10%,https://sokolov.ru/jewelry-catalog/product/120086/,8 000 руб. - 9 000 руб.
2024-06-05,Sokolov,1.04,10395.0,БК ПОДВЕС КУЛЬТ,9995.0,нет скидочного купона,https://sokolov.ru/jewelry-catalog/product/120086?reviews/,9 000 руб. - 10 000 руб.
2024-06-05,Sokolov,0.89,9135.0,БК ПОДВЕС КУЛЬТ,10264.0,нет скидочного купона,https://sokolov.ru/jewelry-catalog/product/120090/,свыше 10 000 руб.
2024-06-05,Sokolov,0.89,9135.0,БК ПОДВЕС КУЛЬТ,10264.0,нет скидочного купона,https://sokolov.ru/jewelry-catalog/product/120090?reviews/,свыше 10 000 руб.
2024-06-05,Sokolov,1.09,8820.0,БК ПОДВЕС КУЛЬТ,8092.0,Дополнительная скидка по акции «Готовимся к лету!» ЕЩЁ -20%,https://sokolov.ru/jewelry-catalog/product/120091/,8 000 руб. - 9 000 руб.
2024-06-05,Sokolov,1.09,11025.0,БК ПОДВЕС КУЛЬТ,10115.0,нет скидочного купона,https://sokolov.ru/jewelry-catalog/product/120091?reviews/,свыше 10 000 руб.
2024-06-05,Sokolov,1.32,13545.0,БК ПОДВЕС КУЛЬТ,10261.0,нет скидочного купона,https://sokolov.ru/jewelry-catalog/product/120110/,свыше 10 000 руб.
2024-06-05,Sokolov,1.32,13545.0,БК ПОДВЕС КУЛЬТ,10261.0,нет скидочного купона,https://sokolov.ru/jewelry-catalog/product/120110?reviews/,свыше 10 000 руб.
2024-06-05,Sokolov,1.4,15120.0,БК ПОДВЕС КУЛЬТ,10800.0,нет скидочного купона,https://sokolov.ru/jewelry-catalog/product/121017/,свыше 10 000 руб.
2024-06-05,Sokolov,1.4,15120.0,БК ПОДВЕС КУЛЬТ,10800.0,нет скидочного купона,https://sokolov.ru/jewelry-catalog/product/121017?reviews/,свыше 10 000 руб.
2024-06-05,Sokolov,1.57,12757.5,БК ПОДВЕС КУЛЬТ,8126.0,Дополнительная скидка по акции «Готовимся к лету!» ЕЩЁ -10%,https://sokolov.ru/jewelry-catalog/product/121021/,8 000 руб. - 9 000 руб.
2024-06-05,Sokolov,1.57,14175.0,БК ПОДВЕС КУЛЬТ,9029.0,нет скидочного купона,https://sokolov.ru/jewelry-catalog/product/121021?reviews/,9 000 руб. - 10 000 руб.
2024-06-05,Sokolov,0.93,8221.5,БК ПОДВЕС КУЛЬТ,8840.0,Дополнительная скидка по акции «Готовимся к лету!» ЕЩЁ -10%,https://sokolov.ru/jewelry-catalog/product/121101/,8 000 руб. - 9 000 руб.
2024-06-05,Sokolov,0.93,9135.0,БК ПОДВЕС КУЛЬТ,9823.0,нет скидочного купона,https://sokolov.ru/jewelry-catalog/product/121101?reviews/,9 000 руб. - 10 000 руб.
2024-06-05,Sokolov,0.87,7560.0,БК ПОДВЕС КУЛЬТ,8690.0,нет скидочного купона,https://sokolov.ru/jewelry-catalog/product/121218/,8 000 руб. - 9 000 руб.
2024-06-05,Sokolov,0.87,7560.0,БК ПОДВЕС КУЛЬТ,8690.0,нет скидочного купона,https://sokolov.ru/jewelry-catalog/product/121218?reviews/,8 000 руб. - 9 000 руб.
2024-06-05,Sokolov,2.12,14280.0,БК ПОДВЕС КУЛЬТ,6736.0,нет скидочного купона,https://sokolov.ru/jewelry-catalog/product/121230/,6 500 руб. - 7 000 руб.
2024-06-05,Sokolov,2.12,14280.0,БК ПОДВЕС КУЛЬТ,6736.0,нет скидочного купона,https://sokolov.ru/jewelry-catalog/product/121230?reviews/,6 500 руб. - 7 000 руб.
2024-06-05,Sokolov,4.88,47250.0,БК ПОДВЕС КУЛЬТ,9682.0,нет скидочного купона,https://sokolov.ru/jewelry-catalog/product/121307/,9 000 руб. - 10 000 руб.
2024-06-05,Sokolov,4.88,47250.0,БК ПОДВЕС КУЛЬТ,9682.0,нет скидочного купона,https://sokolov.ru/jewelry-catalog/product/121307?reviews/,9 000 руб. - 10 000 руб.
2024-06-05,Sokolov,2.29,19845.0,БК ПОДВЕС КУЛЬТ,8666.0,Дополнительная скидка по акции «Готовимся к лету!» ЕЩЁ -10%,https://sokolov.ru/jewelry-catalog/product/121317/,8 000 руб. - 9 000 руб.
2024-06-05,Sokolov,2.29,22050.0,БК ПОДВЕС КУЛЬТ,9629.0,нет скидочного купона,https://sokolov.ru/jewelry-catalog/product/121317?reviews/,9 000 руб. - 10 000 руб.
2024-06-05,Sokolov,1.1,11025.0,БК ПОДВЕС КУЛЬТ,10023.0,нет скидочного купона,https://sokolov.ru/jewelry-catalog/product/121325/,свыше 10 000 руб.
2024-06-05,Sokolov,1.1,11025.0,БК ПОДВЕС КУЛЬТ,10023.0,нет скидочного купона,https://sokolov.ru/jewelry-catalog/product/121325?reviews/,свыше 10 000 руб.
2024-06-05,Sokolov,0.99,10773.0,БК ПОДВЕС КУЛЬТ,10882.0,Дополнительная скидка по акции «Готовимся к лету!» ЕЩЁ -10%,https://sokolov.ru/jewelry-catalog/product/121326-3/,свыше 10 000 руб.
2024-06-05,Sokolov,0.99,11970.0,БК ПОДВЕС КУЛЬТ,12091.0,нет скидочного купона,https://sokolov.ru/jewelry-catalog/product/121326-3?reviews/,свыше 10 000 руб.
2024-06-05,Sokolov,9.0,63787.5,БК ПОДВЕС КУЛЬТ,7088.0,Дополнительная скидка по акции «Готовимся к лету!» ЕЩЁ -10%,https://sokolov.ru/jewelry-catalog/product/121329/,7 000 руб. - 8 000 руб.
2024-06-05,Sokolov,9.0,70875.0,БК ПОДВЕС КУЛЬТ,7875.0,нет скидочного купона,https://sokolov.ru/jewelry-catalog/product/121329?reviews/,7 000 руб. - 8 000 руб.
2024-06-05,Sokolov,0.79,6520.5,БК ПОДВЕС КУЛЬТ,8254.0,Дополнительная скидка по акции «Готовимся к лету!» ЕЩЁ -10%,https://sokolov.ru/jewelry-catalog/product/121407/,8 000 руб. - 9 000 руб.
2024-06-05,Sokolov,0.79,7245.0,БК ПОДВЕС КУЛЬТ,9171.0,нет скидочного купона,https://sokolov.ru/jewelry-catalog/product/121407?reviews/,9 000 руб. - 10 000 руб.
2024-06-05,Sokolov,0.79,8505.0,БК ПОДВЕС КУЛЬТ,10766.0,нет скидочного купона,https://sokolov.ru/jewelry-catalog/product/121407-3/,свыше 10 000 руб.
2024-06-05,Sokolov,0.79,8505.0,БК ПОДВЕС КУЛЬТ,10766.0,нет скидочного купона,https://sokolov.ru/jewelry-catalog/product/121407-3?reviews/,свыше 10 000 руб.
2024-06-05,Sokolov,6.3,50400.0,БК ПОДВЕС КУЛЬТ,8000.0,нет скидочного купона,https://sokolov.ru/jewelry-catalog/product/121408/,7 000 руб. - 8 000 руб.
2024-06-05,Sokolov,6.3,50400.0,БК ПОДВЕС КУЛЬТ,8000.0,нет скидочного купона,https://sokolov.ru/jewelry-catalog/product/121408?reviews/,7 000 руб. - 8 000 руб.
2024-06-05,Sokolov,0.93,8190.0,БК ПОДВЕС КУЛЬТ,8806.0,нет скидочного купона,https://sokolov.ru/jewelry-catalog/product/121417/,8 000 руб. - 9 000 руб.
2024-06-05,Sokolov,0.93,8190.0,БК ПОДВЕС КУЛЬТ,8806.0,нет скидочного купона,https://sokolov.ru/jewelry-catalog/product/121417?reviews/,8 000 руб. - 9 000 руб.
2024-06-05,Sokolov,0.64,6615.0,БК ПОДВЕС КУЛЬТ,10336.0,нет скидочного купона,https://sokolov.ru/jewelry-catalog/product/121422/,свыше 10 000 руб.
2024-06-05,Sokolov,0.64,6615.0,БК ПОДВЕС КУЛЬТ,10336.0,нет скидочного купона,https://sokolov.ru/jewelry-catalog/product/121422?reviews/,свыше 10 000 руб.
2024-06-05,Sokolov,0.72,8221.5,БК ПОДВЕС КУЛЬТ,11419.0,Дополнительная скидка по акции «Готовимся к лету!» ЕЩЁ -10%,https://sokolov.ru/jewelry-catalog/product/121423/,свыше 10 000 руб.
2024-06-05,Sokolov,0.72,9135.0,БК ПОДВЕС КУЛЬТ,12688.0,нет скидочного купона,https://sokolov.ru/jewelry-catalog/product/121423?reviews/,свыше 10 000 руб.
2024-06-05,Sokolov,0.65,5953.5,БК ПОДВЕС КУЛЬТ,9159.0,Дополнительная скидка по акции «Готовимся к лету!» ЕЩЁ -10%,https://sokolov.ru/jewelry-catalog/product/121429/,9 000 руб. - 10 000 руб.
2024-06-05,Sokolov,0.65,6615.0,БК ПОДВЕС КУЛЬТ,10177.0,нет скидочного купона,https://sokolov.ru/jewelry-catalog/product/121429?reviews/,свыше 10 000 руб.
2024-06-05,Sokolov,0.78,7560.0,БК ПОДВЕС КУЛЬТ,9692.0,нет скидочного купона,https://sokolov.ru/jewelry-catalog/product/121437/,9 000 руб. - 10 000 руб.
2024-06-05,Sokolov,0.78,7560.0,БК ПОДВЕС КУЛЬТ,9692.0,нет скидочного купона,https://sokolov.ru/jewelry-catalog/product/121437?reviews/,9 000 руб. - 10 000 руб.
2024-06-05,Sokolov,2.6,19845.0,БК ПОДВЕС КУЛЬТ,7633.0,Дополнительная скидка по акции «Готовимся к лету!» ЕЩЁ -10%,https://sokolov.ru/jewelry-catalog/product/121475/,7 000 руб. - 8 000 руб.
2024-06-05,Sokolov,2.6,22050.0,БК ПОДВЕС КУЛЬТ,8481.0,нет скидочного купона,https://sokolov.ru/jewelry-catalog/product/121475?reviews/,8 000 руб. - 9 000 руб.
2024-06-05,Sokolov,1.28,10395.0,БК ПОДВЕС КУЛЬТ,8121.0,нет скидочного купона,https://sokolov.ru/jewelry-catalog/product/121486/,8 000 руб. - 9 000 руб.
2024-06-05,Sokolov,0.58,6237.0,БК СЕРЬГИ,10753.0,Дополнительная скидка по акции «Готовимся к лету!» ЕЩЁ -10%,https://sokolov.ru/jewelry-catalog/product/140001-3/,свыше 10 000 руб.
2024-06-05,Sokolov,0.58,6930.0,БК СЕРЬГИ,11948.0,нет скидочного купона,https://sokolov.ru/jewelry-catalog/product/140001-3?reviews/,свыше 10 000 руб.
2024-06-05,Sokolov,0.62,5670.0,БК СЕРЬГИ,9145.0,нет скидочного купона,https://sokolov.ru/jewelry-catalog/product/140011-2/,9 000 руб. - 10 000 руб.
2024-06-05,Sokolov,0.62,5670.0,БК СЕРЬГИ,9145.0,нет скидочного купона,https://sokolov.ru/jewelry-catalog/product/140011-2?reviews/,9 000 руб. - 10 000 руб.
2024-06-05,Sokolov,1.84,13324.5,БК СЕРЬГИ,7242.0,Дополнительная скидка по акции «Готовимся к лету!» ЕЩЁ -10%,https://sokolov.ru/jewelry-catalog/product/140013/,7 000 руб. - 8 000 руб.
2024-06-05,Sokolov,1.84,14805.0,БК СЕРЬГИ,8046.0,нет скидочного купона,https://sokolov.ru/jewelry-catalog/product/140013?reviews/,8 000 руб. - 9 000 руб.
2024-06-05,Sokolov,3.55,27090.0,БК СЕРЬГИ,7631.0,нет скидочного купона,https://sokolov.ru/jewelry-catalog/product/140093/,7 000 руб. - 8 000 руб.
2024-06-05,Sokolov,3.55,27090.0,БК СЕРЬГИ,7631.0,нет скидочного купона,https://sokolov.ru/jewelry-catalog/product/140093?reviews/,7 000 руб. - 8 000 руб.
2024-06-05,Sokolov,2.34,20412.0,БК СЕРЬГИ,8723.0,Дополнительная скидка по акции «Готовимся к лету!» ЕЩЁ -10%,https://sokolov.ru/jewelry-catalog/product/140107-2/,8 000 руб. - 9 000 руб.
2024-06-05,Sokolov,2.34,22680.0,БК СЕРЬГИ,9692.0,нет скидочного купона,https://sokolov.ru/jewelry-catalog/product/140107-2?reviews/,9 000 руб. - 10 000 руб.
2024-06-05,Sokolov,2.83,27720.0,БК СЕРЬГИ,9795.0,нет скидочного купона,https://sokolov.ru/jewelry-catalog/product/140142/,9 000 руб. - 10 000 руб.
2024-06-05,Sokolov,2.83,27720.0,БК СЕРЬГИ,9795.0,нет скидочного купона,https://sokolov.ru/jewelry-catalog/product/140142?reviews/,9 000 руб. - 10 000 руб.
2024-06-05,Sokolov,3.22,27720.0,БК СЕРЬГИ,8609.0,Дополнительная скидка по акции «Готовимся к лету!» ЕЩЁ -20%,https://sokolov.ru/jewelry-catalog/product/140143-3/,8 000 руб. - 9 000 руб.
2024-06-05,Sokolov,3.22,34650.0,БК СЕРЬГИ,10761.0,нет скидочного купона,https://sokolov.ru/jewelry-catalog/product/140143-3?reviews/,свыше 10 000 руб.
2024-06-05,Sokolov,2.11,17136.0,БК СЕРЬГИ,8121.0,Дополнительная скидка по акции «Готовимся к лету!» ЕЩЁ -20%,https://sokolov.ru/jewelry-catalog/product/140174/,8 000 руб. - 9 000 руб.
2024-06-05,Sokolov,2.11,21420.0,БК СЕРЬГИ,10152.0,нет скидочного купона,https://sokolov.ru/jewelry-catalog/product/140174?reviews/,свыше 10 000 руб.
2024-06-05,Sokolov,0.41,4249.0,БК СЕРЬГИ,10363.0,нет скидочного купона,https://sokolov.ru/jewelry-catalog/product/170035/,свыше 10 000 руб.
2024-06-05,Sokolov,0.41,4249.0,БК СЕРЬГИ,10363.0,нет скидочного купона,https://sokolov.ru/jewelry-catalog/product/170035?reviews/,свыше 10 000 руб.
2024-06-05,Sokolov,3.25,34020.0,ЦБ ЦЕПИ,10468.0,Дополнительная скидка по акции «Готовимся к лету!» ЕЩЁ -10%,https://sokolov.ru/jewelry-catalog/product/2103045-3/,свыше 10 000 руб.
2024-06-05,Sokolov,3.25,37800.0,ЦБ ЦЕПИ,11631.0,нет скидочного купона,https://sokolov.ru/jewelry-catalog/product/2103045-3?reviews/,свыше 10 000 руб.
2024-06-05,Sokolov,3.89,34650.0,ЦБ ЦЕПИ,8907.0,нет скидочного купона,https://sokolov.ru/jewelry-catalog/product/2104045-3/,8 000 руб. - 9 000 руб.
2024-06-05,Sokolov,3.89,34650.0,ЦБ ЦЕПИ,8907.0,нет скидочного купона,https://sokolov.ru/jewelry-catalog/product/2104045-3?reviews/,8 000 руб. - 9 000 руб.
2024-06-05,Sokolov,6.05,56700.0,ЦБ ЦЕПИ,9372.0,нет скидочного купона,https://sokolov.ru/jewelry-catalog/product/2108035-3/,9 000 руб. - 10 000 руб.
2024-06-05,Sokolov,6.05,56700.0,ЦБ ЦЕПИ,9372.0,нет скидочного купона,https://sokolov.ru/jewelry-catalog/product/2108035-3?reviews/,9 000 руб. - 10 000 руб.
2024-06-05,Sokolov,1.73,17010.0,ЦБ ЦЕПИ,9832.0,Дополнительная скидка по акции «Готовимся к лету!» ЕЩЁ -10%,https://sokolov.ru/jewelry-catalog/product/2301035/,9 000 руб. - 10 000 руб.
2024-06-05,Sokolov,1.73,18900.0,ЦБ ЦЕПИ,10925.0,нет скидочного купона,https://sokolov.ru/jewelry-catalog/product/2301035?reviews/,свыше 10 000 руб.
2024-06-05,Sokolov,1.18,14175.0,ЦБ ЦЕПИ,12013.0,нет скидочного купона,https://sokolov.ru/jewelry-catalog/product/2321035/,свыше 10 000 руб.
2024-06-05,Sokolov,1.18,14175.0,ЦБ ЦЕПИ,12013.0,нет скидочного купона,https://sokolov.ru/jewelry-catalog/product/2321035?reviews/,свыше 10 000 руб.
2024-06-05,Sokolov,1.56,16695.0,ЦБ БРАСЛЕТЫ,10702.0,нет скидочного купона,https://sokolov.ru/jewelry-catalog/product/551010352/,свыше 10 000 руб.
2024-06-05,Sokolov,1.56,16695.0,ЦБ БРАСЛЕТЫ,10702.0,нет скидочного купона,https://sokolov.ru/jewelry-catalog/product/551010352?reviews/,свыше 10 000 руб.
2024-06-05,Sokolov,1.61,17325.0,ЦБ БРАСЛЕТЫ,10761.0,нет скидочного купона,https://sokolov.ru/jewelry-catalog/product/551020352/,свыше 10 000 руб.
2024-06-05,Sokolov,1.61,17325.0,ЦБ БРАСЛЕТЫ,10761.0,нет скидочного купона,https://sokolov.ru/jewelry-catalog/product/551020352?reviews/,свыше 10 000 руб.
2024-06-05,Sokolov,7.48,67725.0,ЦБ ЦЕПИ,9054.0,нет скидочного купона,https://sokolov.ru/jewelry-catalog/product/581020502/,9 000 руб. - 10 000 руб.
2024-06-05,Sokolov,7.48,67725.0,ЦБ ЦЕПИ,9054.0,нет скидочного купона,https://sokolov.ru/jewelry-catalog/product/581020502?reviews/,9 000 руб. - 10 000 руб.
2024-06-05,Sokolov,11.16,89250.0,ЦБ ЦЕПИ,7997.0,нет скидочного купона,https://sokolov.ru/jewelry-catalog/product/581020602/,7 000 руб. - 8 000 руб.
2024-06-05,Sokolov,11.16,89250.0,ЦБ ЦЕПИ,7997.0,нет скидочного купона,https://sokolov.ru/jewelry-catalog/product/581020602?reviews/,7 000 руб. - 8 000 руб.
2024-06-05,Sokolov,3.13,28350.0,ЦБ ЦЕПИ,9058.0,нет скидочного купона,https://sokolov.ru/jewelry-catalog/product/582030608/,9 000 руб. - 10 000 руб.
2024-06-05,Sokolov,3.13,28350.0,ЦБ ЦЕПИ,9058.0,нет скидочного купона,https://sokolov.ru/jewelry-catalog/product/582030608?reviews/,9 000 руб. - 10 000 руб.
2024-06-05,Sokolov,3.9,33075.0,ЦБ ЦЕПИ,8481.0,нет скидочного купона,https://sokolov.ru/jewelry-catalog/product/582060502/,8 000 руб. - 9 000 руб.
2024-06-05,Sokolov,3.9,33075.0,ЦБ ЦЕПИ,8481.0,нет скидочного купона,https://sokolov.ru/jewelry-catalog/product/582060502?reviews/,8 000 руб. - 9 000 руб.
2024-06-05,Sokolov,3.71,31185.0,БК СЕРЬГИ,8406.0,Дополнительная скидка по акции «Готовимся к лету!» ЕЩЁ -10%,https://sokolov.ru/jewelry-catalog/product/0200058/,8 000 руб. - 9 000 руб.
2024-06-05,Sokolov,3.71,34650.0,БК СЕРЬГИ,9340.0,нет скидочного купона,https://sokolov.ru/jewelry-catalog/product/0200058?reviews/,9 000 руб. - 10 000 руб.
2024-06-05,Sokolov,2.29,17430.0,БК КОЛЬЦА,7611.0,нет скидочного купона,https://sokolov.ru/jewelry-catalog/product/018612-2/,7 000 руб. - 8 000 руб.
2024-06-05,Sokolov,2.29,17430.0,БК КОЛЬЦА,7611.0,нет скидочного купона,https://sokolov.ru/jewelry-catalog/product/018612-2?reviews/,7 000 руб. - 8 000 руб.
2024-06-05,Sokolov,0.82,6020.0,БК КОЛЬЦА,7341.0,нет скидочного купона,https://sokolov.ru/jewelry-catalog/product/018711/,7 000 руб. - 8 000 руб.
2024-06-05,Sokolov,0.82,6020.0,БК КОЛЬЦА,7341.0,нет скидочного купона,https://sokolov.ru/jewelry-catalog/product/018711?reviews/,7 000 руб. - 8 000 руб.
2024-06-05,Sokolov,3.36,27783.0,БК КОЛЬЦА,8269.0,Дополнительная скидка по акции «Готовимся к лету!» ЕЩЁ -10%,https://sokolov.ru/jewelry-catalog/product/014198/,8 000 руб. - 9 000 руб.
2024-06-05,Sokolov,3.36,30870.0,БК КОЛЬЦА,9188.0,нет скидочного купона,https://sokolov.ru/jewelry-catalog/product/014198?reviews/,9 000 руб. - 10 000 руб.
2024-06-05,Sokolov,2.5,23625.0,БК КОЛЬЦА ОБРУЧ,9450.0,нет скидочного купона,https://sokolov.ru/jewelry-catalog/product/110180/,9 000 руб. - 10 000 руб.
2024-06-05,Sokolov,2.5,23625.0,БК КОЛЬЦА ОБРУЧ,9450.0,нет скидочного купона,https://sokolov.ru/jewelry-catalog/product/110180?reviews/,9 000 руб. - 10 000 руб.
2024-06-05,Sokolov,3.16,33075.0,БК КОЛЬЦА ОБРУЧ,10467.0,нет скидочного купона,https://sokolov.ru/jewelry-catalog/product/114120-02/,свыше 10 000 руб.
2024-06-05,Sokolov,3.16,33075.0,БК КОЛЬЦА ОБРУЧ,10467.0,нет скидочного купона,https://sokolov.ru/jewelry-catalog/product/114120-02?reviews/,свыше 10 000 руб.
2024-06-05,Sokolov,2.12,19845.0,БК КОЛЬЦА ОБРУЧ,9361.0,нет скидочного купона,https://sokolov.ru/jewelry-catalog/product/010066/,9 000 руб. - 10 000 руб.
2024-06-05,Sokolov,2.12,19845.0,БК КОЛЬЦА ОБРУЧ,9361.0,нет скидочного купона,https://sokolov.ru/jewelry-catalog/product/010066?reviews/,9 000 руб. - 10 000 руб.
2024-06-05,Sokolov,2.57,22050.0,БК КОЛЬЦА,8580.0,нет скидочного купона,https://sokolov.ru/jewelry-catalog/product/012426/,8 000 руб. - 9 000 руб.
2024-06-05,Sokolov,2.57,22050.0,БК КОЛЬЦА,8580.0,нет скидочного купона,https://sokolov.ru/jewelry-catalog/product/012426?reviews/,8 000 руб. - 9 000 руб.
2024-06-05,Sokolov,2.18,17010.0,БК КОЛЬЦА,7803.0,Дополнительная скидка по акции «Готовимся к лету!» ЕЩЁ -10%,https://sokolov.ru/jewelry-catalog/product/018636/,7 000 руб. - 8 000 руб.
2024-06-05,Sokolov,2.18,18900.0,БК КОЛЬЦА,8670.0,нет скидочного купона,https://sokolov.ru/jewelry-catalog/product/018636?reviews/,8 000 руб. - 9 000 руб.
2024-06-05,Sokolov,1.71,13608.0,БК КОЛЬЦА,7958.0,Дополнительная скидка по акции «Готовимся к лету!» ЕЩЁ -10%,https://sokolov.ru/jewelry-catalog/product/018958/,7 000 руб. - 8 000 руб.
2024-06-05,Sokolov,1.71,15120.0,БК КОЛЬЦА,8842.0,нет скидочного купона,https://sokolov.ru/jewelry-catalog/product/018958?reviews/,8 000 руб. - 9 000 руб.
2024-06-05,Sokolov,1.68,12180.0,БК СЕРЬГИ,7250.0,нет скидочного купона,https://sokolov.ru/jewelry-catalog/product/0200035/,7 000 руб. - 8 000 руб.
2024-06-05,Sokolov,1.68,12180.0,БК СЕРЬГИ,7250.0,нет скидочного купона,https://sokolov.ru/jewelry-catalog/product/0200035?reviews/,7 000 руб. - 8 000 руб.
2024-06-05,Sokolov,2.43,22680.0,БК СЕРЬГИ,9333.0,нет скидочного купона,https://sokolov.ru/jewelry-catalog/product/0200053/,9 000 руб. - 10 000 руб.
2024-06-05,Sokolov,2.43,22680.0,БК СЕРЬГИ,9333.0,нет скидочного купона,https://sokolov.ru/jewelry-catalog/product/0200053?reviews/,9 000 руб. - 10 000 руб.
2024-06-05,Sokolov,2.08,21420.0,БК СЕРЬГИ,10298.0,нет скидочного купона,https://sokolov.ru/jewelry-catalog/product/028646-2/,свыше 10 000 руб.
2024-06-05,Sokolov,2.08,21420.0,БК СЕРЬГИ,10298.0,нет скидочного купона,https://sokolov.ru/jewelry-catalog/product/028646-2?reviews/,свыше 10 000 руб.
2024-06-05,Sokolov,3.75,32602.5,БК СЕРЬГИ,8694.0,Дополнительная скидка по акции «Готовимся к лету!» ЕЩЁ -10%,https://sokolov.ru/jewelry-catalog/product/029007/,8 000 руб. - 9 000 руб.
2024-06-05,Sokolov,3.75,36225.0,БК СЕРЬГИ,9660.0,нет скидочного купона,https://sokolov.ru/jewelry-catalog/product/029007?reviews/,9 000 руб. - 10 000 руб.
2024-06-05,Sokolov,3.92,27930.0,БК СЕРЬГИ,7125.0,нет скидочного купона,https://sokolov.ru/jewelry-catalog/product/029094/,7 000 руб. - 8 000 руб.
2024-06-05,Sokolov,3.92,27930.0,БК СЕРЬГИ,7125.0,нет скидочного купона,https://sokolov.ru/jewelry-catalog/product/029094?reviews/,7 000 руб. - 8 000 руб.
2024-06-05,Sokolov,3.98,36225.0,БК СЕРЬГИ,9102.0,нет скидочного купона,https://sokolov.ru/jewelry-catalog/product/029098/,9 000 руб. - 10 000 руб.
2024-06-05,Sokolov,3.98,36225.0,БК СЕРЬГИ,9102.0,нет скидочного купона,https://sokolov.ru/jewelry-catalog/product/029098?reviews/,9 000 руб. - 10 000 руб.
2024-06-05,Sokolov,2.44,17010.0,БК СЕРЬГИ,6971.0,Дополнительная скидка по акции «Готовимся к лету!» ЕЩЁ -10%,https://sokolov.ru/jewelry-catalog/product/029238/,6 500 руб. - 7 000 руб.
2024-06-05,Sokolov,2.44,18900.0,БК СЕРЬГИ,7746.0,нет скидочного купона,https://sokolov.ru/jewelry-catalog/product/029238?reviews/,7 000 руб. - 8 000 руб.
2024-06-05,Sokolov,2.21,16443.0,БК СЕРЬГИ,7440.0,Дополнительная скидка по акции «Готовимся к лету!» ЕЩЁ -10%,https://sokolov.ru/jewelry-catalog/product/029686/,7 000 руб. - 8 000 руб.
2024-06-05,Sokolov,2.21,18270.0,БК СЕРЬГИ,8267.0,нет скидочного купона,https://sokolov.ru/jewelry-catalog/product/029686?reviews/,8 000 руб. - 9 000 руб.
2024-06-05,Sokolov,1.45,15309.0,БК СЕРЬГИ,10558.0,Дополнительная скидка по акции «Готовимся к лету!» ЕЩЁ -10%,https://sokolov.ru/jewelry-catalog/product/029819/,свыше 10 000 руб.
2024-06-05,Sokolov,1.45,17010.0,БК СЕРЬГИ,11731.0,нет скидочного купона,https://sokolov.ru/jewelry-catalog/product/029819?reviews/,свыше 10 000 руб.
2024-06-05,Sokolov,3.78,31500.0,БК СЕРЬГИ,8333.0,нет скидочного купона,https://sokolov.ru/jewelry-catalog/product/029868/,8 000 руб. - 9 000 руб.
2024-06-05,Sokolov,3.78,31500.0,БК СЕРЬГИ,8333.0,нет скидочного купона,https://sokolov.ru/jewelry-catalog/product/029868?reviews/,8 000 руб. - 9 000 руб.
2024-06-05,Sokolov,2.82,23530.5,БК ПОДВЕС КУЛЬТ,8344.0,Дополнительная скидка по акции «Готовимся к лету!» ЕЩЁ -10%,https://sokolov.ru/jewelry-catalog/product/034595/,8 000 руб. - 9 000 руб.
2024-06-05,Sokolov,2.82,26145.0,БК ПОДВЕС КУЛЬТ,9271.0,нет скидочного купона,https://sokolov.ru/jewelry-catalog/product/034595?reviews/,9 000 руб. - 10 000 руб.
2024-06-05,Sokolov,5.02,50400.0,ЦБ БРАСЛЕТЫ,10040.0,нет скидочного купона,https://sokolov.ru/jewelry-catalog/product/050295/,свыше 10 000 руб.
2024-06-05,Sokolov,5.02,50400.0,ЦБ БРАСЛЕТЫ,10040.0,нет скидочного купона,https://sokolov.ru/jewelry-catalog/product/050295?reviews/,свыше 10 000 руб.
2024-06-05,Sokolov,5.13,44100.0,ЦБ БРАСЛЕТЫ,8596.0,Дополнительная скидка по акции «Готовимся к лету!» ЕЩЁ -20%,https://sokolov.ru/jewelry-catalog/product/050364/,8 000 руб. - 9 000 руб.
2024-06-05,Sokolov,5.13,55125.0,ЦБ БРАСЛЕТЫ,10746.0,нет скидочного купона,https://sokolov.ru/jewelry-catalog/product/050364?reviews/,свыше 10 000 руб.
2024-06-05,Sokolov,8.15,63787.5,ЦБ БРАСЛЕТЫ,7827.0,Дополнительная скидка по акции «Готовимся к лету!» ЕЩЁ -10%,https://sokolov.ru/jewelry-catalog/product/050368/,7 000 руб. - 8 000 руб.
2024-06-05,Sokolov,8.15,70875.0,ЦБ БРАСЛЕТЫ,8696.0,нет скидочного купона,https://sokolov.ru/jewelry-catalog/product/050368?reviews/,8 000 руб. - 9 000 руб.
2024-06-05,Sokolov,1.7,15025.5,ЦБ БРАСЛЕТЫ,8839.0,Дополнительная скидка по акции «Готовимся к лету!» ЕЩЁ -10%,https://sokolov.ru/jewelry-catalog/product/051098/,8 000 руб. - 9 000 руб.
2024-06-05,Sokolov,1.7,16695.0,ЦБ БРАСЛЕТЫ,9821.0,нет скидочного купона,https://sokolov.ru/jewelry-catalog/product/051098?reviews/,9 000 руб. - 10 000 руб.
2024-06-05,Sokolov,8.86,68040.0,ЦБ БРАСЛЕТЫ,7679.0,Дополнительная скидка по акции «Готовимся к лету!» ЕЩЁ -10%,https://sokolov.ru/jewelry-catalog/product/051126/,7 000 руб. - 8 000 руб.
2024-06-05,Sokolov,8.86,75600.0,ЦБ БРАСЛЕТЫ,8533.0,нет скидочного купона,https://sokolov.ru/jewelry-catalog/product/051126?reviews/,8 000 руб. - 9 000 руб.
2024-06-05,Sokolov,1.16,10080.0,ЦБ БРАСЛЕТЫ,8690.0,Дополнительная скидка по акции «Готовимся к лету!» ЕЩЁ -20%,https://sokolov.ru/jewelry-catalog/product/051152/,8 000 руб. - 9 000 руб.
2024-06-05,Sokolov,1.16,12600.0,ЦБ БРАСЛЕТЫ,10862.0,нет скидочного купона,https://sokolov.ru/jewelry-catalog/product/051152?reviews/,свыше 10 000 руб.
2024-06-05,Sokolov,10.71,87885.0,ЦБ БРАСЛЕТЫ,8206.0,Дополнительная скидка по акции «Готовимся к лету!» ЕЩЁ -10%,https://sokolov.ru/jewelry-catalog/product/051209-2/,8 000 руб. - 9 000 руб.
2024-06-05,Sokolov,10.71,97650.0,ЦБ БРАСЛЕТЫ,9118.0,нет скидочного купона,https://sokolov.ru/jewelry-catalog/product/051209-2?reviews/,9 000 руб. - 10 000 руб.
2024-06-05,Sokolov,10.98,83632.5,ЦБ БРАСЛЕТЫ,7617.0,Дополнительная скидка по акции «Готовимся к лету!» ЕЩЁ -10%,https://sokolov.ru/jewelry-catalog/product/051238/,7 000 руб. - 8 000 руб.
2024-06-05,Sokolov,10.98,92925.0,ЦБ БРАСЛЕТЫ,8463.0,нет скидочного купона,https://sokolov.ru/jewelry-catalog/product/051238?reviews/,8 000 руб. - 9 000 руб.
2024-06-05,Sokolov,2.33,21262.5,ЦБ БРАСЛЕТЫ,9126.0,Дополнительная скидка по акции «Готовимся к лету!» ЕЩЁ -10%,https://sokolov.ru/jewelry-catalog/product/051277/,9 000 руб. - 10 000 руб.
2024-06-05,Sokolov,2.33,23625.0,ЦБ БРАСЛЕТЫ,10139.0,нет скидочного купона,https://sokolov.ru/jewelry-catalog/product/051277?reviews/,свыше 10 000 руб.
2024-06-05,Sokolov,0.91,9450.0,ЦБ БРАСЛЕТЫ,10385.0,нет скидочного купона,https://sokolov.ru/jewelry-catalog/product/051427/,свыше 10 000 руб.
2024-06-05,Sokolov,0.91,9450.0,ЦБ БРАСЛЕТЫ,10385.0,нет скидочного купона,https://sokolov.ru/jewelry-catalog/product/051427?reviews/,свыше 10 000 руб.
2024-06-05,Sokolov,2.47,21420.0,БК КОЛЬЦА ОБРУЧ,8672.0,нет скидочного купона,https://sokolov.ru/jewelry-catalog/product/110220/,8 000 руб. - 9 000 руб.
2024-06-05,Sokolov,2.47,21420.0,БК КОЛЬЦА ОБРУЧ,8672.0,нет скидочного купона,https://sokolov.ru/jewelry-catalog/product/110220?reviews/,8 000 руб. - 9 000 руб.
2024-06-05,Sokolov,3.02,22050.0,БК КОЛЬЦА ОБРУЧ,7301.0,нет скидочного купона,https://sokolov.ru/jewelry-catalog/product/111024-01/,7 000 руб. - 8 000 руб.
2024-06-05,Sokolov,3.02,22050.0,БК КОЛЬЦА ОБРУЧ,7301.0,нет скидочного купона,https://sokolov.ru/jewelry-catalog/product/111024-01?reviews/,7 000 руб. - 8 000 руб.
2024-06-05,Sokolov,2.72,22995.0,БК КОЛЬЦА ОБРУЧ,8454.0,нет скидочного купона,https://sokolov.ru/jewelry-catalog/product/111202/,8 000 руб. - 9 000 руб.
2024-06-05,Sokolov,2.72,22995.0,БК КОЛЬЦА ОБРУЧ,8454.0,нет скидочного купона,https://sokolov.ru/jewelry-catalog/product/111202?reviews/,8 000 руб. - 9 000 руб.
2024-06-05,Sokolov,2.61,25200.0,БК КОЛЬЦА ОБРУЧ,9655.0,нет скидочного купона,https://sokolov.ru/jewelry-catalog/product/111207/,9 000 руб. - 10 000 руб.
2024-06-05,Sokolov,2.61,25200.0,БК КОЛЬЦА ОБРУЧ,9655.0,нет скидочного купона,https://sokolov.ru/jewelry-catalog/product/111207?reviews/,9 000 руб. - 10 000 руб.
2024-06-05,Sokolov,2.86,25200.0,БК КОЛЬЦА ОБРУЧ,8811.0,нет скидочного купона,https://sokolov.ru/jewelry-catalog/product/111215/,8 000 руб. - 9 000 руб.
2024-06-05,Sokolov,2.86,25200.0,БК КОЛЬЦА ОБРУЧ,8811.0,нет скидочного купона,https://sokolov.ru/jewelry-catalog/product/111215?reviews/,8 000 руб. - 9 000 руб.
2024-06-05,Sokolov,3.46,31500.0,БК КОЛЬЦА ОБРУЧ,9104.0,нет скидочного купона,https://sokolov.ru/jewelry-catalog/product/112004-09/,9 000 руб. - 10 000 руб.
2024-06-05,Sokolov,3.46,31500.0,БК КОЛЬЦА ОБРУЧ,9104.0,нет скидочного купона,https://sokolov.ru/jewelry-catalog/product/112004-09?reviews/,9 000 руб. - 10 000 руб.
2024-06-05,Sokolov,3.2,31500.0,БК КОЛЬЦА ОБРУЧ,9844.0,нет скидочного купона,https://sokolov.ru/jewelry-catalog/product/112056-01/,9 000 руб. - 10 000 руб.
2024-06-05,Sokolov,3.2,31500.0,БК КОЛЬЦА ОБРУЧ,9844.0,нет скидочного купона,https://sokolov.ru/jewelry-catalog/product/112056-01?reviews/,9 000 руб. - 10 000 руб.
2024-06-05,Sokolov,2.28,22995.0,БК КОЛЬЦА ОБРУЧ,10086.0,нет скидочного купона,https://sokolov.ru/jewelry-catalog/product/112221/,свыше 10 000 руб.
2024-06-05,Sokolov,2.28,22995.0,БК КОЛЬЦА ОБРУЧ,10086.0,нет скидочного купона,https://sokolov.ru/jewelry-catalog/product/112221?reviews/,свыше 10 000 руб.
2024-06-05,Sokolov,3.34,28350.0,БК ПОДВЕС ДЕКОР,8488.0,нет скидочного купона,https://sokolov.ru/jewelry-catalog/product/121304-3/,8 000 руб. - 9 000 руб.
2024-06-05,Sokolov,3.34,28350.0,БК ПОДВЕС ДЕКОР,8488.0,нет скидочного купона,https://sokolov.ru/jewelry-catalog/product/121304-3?reviews/,8 000 руб. - 9 000 руб.
2024-06-05,Sokolov,2.45,23625.0,БК ПОДВЕС ДЕКОР,9643.0,нет скидочного купона,https://sokolov.ru/jewelry-catalog/product/121479-2/,9 000 руб. - 10 000 руб.
2024-06-05,Sokolov,2.45,23625.0,БК ПОДВЕС ДЕКОР,9643.0,нет скидочного купона,https://sokolov.ru/jewelry-catalog/product/121479-2?reviews/,9 000 руб. - 10 000 руб.
2024-06-05,Sokolov,5.46,40320.0,БК СЕРЬГИ,7385.0,нет скидочного купона,https://sokolov.ru/jewelry-catalog/product/140017-3/,7 000 руб. - 8 000 руб.
2024-06-05,Sokolov,5.46,40320.0,БК СЕРЬГИ,7385.0,нет скидочного купона,https://sokolov.ru/jewelry-catalog/product/140017-3?reviews/,7 000 руб. - 8 000 руб.
2024-06-05,Sokolov,4.9,40950.0,БК СЕРЬГИ,8357.0,нет скидочного купона,https://sokolov.ru/jewelry-catalog/product/140213/,8 000 руб. - 9 000 руб.
2024-06-05,Sokolov,4.9,40950.0,БК СЕРЬГИ,8357.0,нет скидочного купона,https://sokolov.ru/jewelry-catalog/product/140213?reviews/,8 000 руб. - 9 000 руб.
2024-06-05,Sokolov,4.42,36225.0,ЦБ ЦЕПИ,8196.0,нет скидочного купона,https://sokolov.ru/jewelry-catalog/product/2108028-2/,8 000 руб. - 9 000 руб.
2024-06-05,Sokolov,4.42,36225.0,ЦБ ЦЕПИ,8196.0,нет скидочного купона,https://sokolov.ru/jewelry-catalog/product/2108028-2?reviews/,8 000 руб. - 9 000 руб.
2024-06-05,Sokolov,4.3,39375.0,ЦБ ЦЕПИ,9157.0,нет скидочного купона,https://sokolov.ru/jewelry-catalog/product/2108028-3/,9 000 руб. - 10 000 руб.
2024-06-05,Sokolov,4.3,39375.0,ЦБ ЦЕПИ,9157.0,нет скидочного купона,https://sokolov.ru/jewelry-catalog/product/2108028-3?reviews/,9 000 руб. - 10 000 руб.
2024-06-05,Sokolov,3.91,36225.0,ЦБ БРАСЛЕТЫ,9265.0,нет скидочного купона,https://sokolov.ru/jewelry-catalog/product/551010606/,9 000 руб. - 10 000 руб.
2024-06-05,Sokolov,3.91,36225.0,ЦБ БРАСЛЕТЫ,9265.0,нет скидочного купона,https://sokolov.ru/jewelry-catalog/product/551010606?reviews/,9 000 руб. - 10 000 руб.
2024-06-05,Sokolov,9.86,97650.0,ЦБ БРАСЛЕТЫ,9904.0,нет скидочного купона,https://sokolov.ru/jewelry-catalog/product/551011006/,9 000 руб. - 10 000 руб.
2024-06-05,Sokolov,9.86,97650.0,ЦБ БРАСЛЕТЫ,9904.0,нет скидочного купона,https://sokolov.ru/jewelry-catalog/product/551011006?reviews/,9 000 руб. - 10 000 руб.
2024-06-05,Sokolov,5.47,56700.0,ЦБ БРАСЛЕТЫ,10366.0,нет скидочного купона,https://sokolov.ru/jewelry-catalog/product/551100602/,свыше 10 000 руб.
2024-06-05,Sokolov,5.47,56700.0,ЦБ БРАСЛЕТЫ,10366.0,нет скидочного купона,https://sokolov.ru/jewelry-catalog/product/551100602?reviews/,свыше 10 000 руб.
2024-06-05,Sokolov,3.38,33075.0,ЦБ ЦЕПИ,9786.0,нет скидочного купона,https://sokolov.ru/jewelry-catalog/product/581040402-2/,9 000 руб. - 10 000 руб.
2024-06-05,Sokolov,3.38,33075.0,ЦБ ЦЕПИ,9786.0,нет скидочного купона,https://sokolov.ru/jewelry-catalog/product/581040402-2?reviews/,9 000 руб. - 10 000 руб.
2024-06-05,Sokolov,3.36,29925.0,ЦБ ЦЕПИ,8906.0,нет скидочного купона,https://sokolov.ru/jewelry-catalog/product/581080300-32-3/,8 000 руб. - 9 000 руб.
2024-06-05,Sokolov,3.36,29925.0,ЦБ ЦЕПИ,8906.0,нет скидочного купона,https://sokolov.ru/jewelry-catalog/product/581080300-32-3?reviews/,8 000 руб. - 9 000 руб.
2024-06-05,Sokolov,3.6,29925.0,ЦБ ЦЕПИ,8312.0,нет скидочного купона,https://sokolov.ru/jewelry-catalog/product/581080300-37/,8 000 руб. - 9 000 руб.
2024-06-05,Sokolov,3.6,29925.0,ЦБ ЦЕПИ,8312.0,нет скидочного купона,https://sokolov.ru/jewelry-catalog/product/581080300-37?reviews/,8 000 руб. - 9 000 руб.
2024-06-05,Sokolov,3.27,29767.5,ЦБ ЦЕПИ,9103.0,Дополнительная скидка по акции «Готовимся к лету!» ЕЩЁ -10%,https://sokolov.ru/jewelry-catalog/product/581080304-29-3/,9 000 руб. - 10 000 руб.
2024-06-05,Sokolov,3.27,33075.0,ЦБ ЦЕПИ,10115.0,нет скидочного купона,https://sokolov.ru/jewelry-catalog/product/581080304-29-3?reviews/,свыше 10 000 руб.
2024-06-05,Sokolov,2.73,25200.0,БК КОЛЬЦА,9231.0,нет скидочного купона,https://sokolov.ru/jewelry-catalog/product/017120/,9 000 руб. - 10 000 руб.
2024-06-05,Sokolov,2.73,25200.0,БК КОЛЬЦА,9231.0,нет скидочного купона,https://sokolov.ru/jewelry-catalog/product/017120?reviews/,9 000 руб. - 10 000 руб.
2024-06-05,Sokolov,4.6,31500.0,БК СЕРЬГИ,6848.0,нет скидочного купона,https://sokolov.ru/jewelry-catalog/product/0200009/,6 500 руб. - 7 000 руб.
2024-06-05,Sokolov,4.6,31500.0,БК СЕРЬГИ,6848.0,нет скидочного купона,https://sokolov.ru/jewelry-catalog/product/0200009?reviews/,6 500 руб. - 7 000 руб.
2024-06-05,Sokolov,1.18,11907.0,БК СЕРЬГИ,10091.0,Дополнительная скидка по акции «Готовимся к лету!» ЕЩЁ -10%,https://sokolov.ru/jewelry-catalog/product/0200162/,свыше 10 000 руб.
2024-06-05,Sokolov,1.18,13230.0,БК СЕРЬГИ,11212.0,нет скидочного купона,https://sokolov.ru/jewelry-catalog/product/0200162?reviews/,свыше 10 000 руб.
2024-06-05,Sokolov,0.78,6930.0,БК СЕРЬГИ,8885.0,нет скидочного купона,https://sokolov.ru/jewelry-catalog/product/026578/,8 000 руб. - 9 000 руб.
2024-06-05,Sokolov,0.78,6930.0,БК СЕРЬГИ,8885.0,нет скидочного купона,https://sokolov.ru/jewelry-catalog/product/026578?reviews/,8 000 руб. - 9 000 руб.
2024-06-05,Sokolov,2.71,20790.0,БК СЕРЬГИ,7672.0,нет скидочного купона,https://sokolov.ru/jewelry-catalog/product/028114/,7 000 руб. - 8 000 руб.
2024-06-05,Sokolov,2.71,20790.0,БК СЕРЬГИ,7672.0,нет скидочного купона,https://sokolov.ru/jewelry-catalog/product/028114?reviews/,7 000 руб. - 8 000 руб.
2024-06-05,Sokolov,1.96,13608.0,БК СЕРЬГИ,6943.0,Дополнительная скидка по акции «Готовимся к лету!» ЕЩЁ -10%,https://sokolov.ru/jewelry-catalog/product/028858/,6 500 руб. - 7 000 руб.
2024-06-05,Sokolov,1.96,15120.0,БК СЕРЬГИ,7714.0,нет скидочного купона,https://sokolov.ru/jewelry-catalog/product/028858?reviews/,7 000 руб. - 8 000 руб.
2024-06-05,Sokolov,2.47,18711.0,БК СЕРЬГИ,7575.0,Дополнительная скидка по акции «Готовимся к лету!» ЕЩЁ -10%,https://sokolov.ru/jewelry-catalog/product/029156/,7 000 руб. - 8 000 руб.
2024-06-05,Sokolov,2.47,20790.0,БК СЕРЬГИ,8417.0,нет скидочного купона,https://sokolov.ru/jewelry-catalog/product/029156?reviews/,8 000 руб. - 9 000 руб.
2024-06-05,Sokolov,2.21,17010.0,БК СЕРЬГИ,7697.0,Дополнительная скидка по акции «Готовимся к лету!» ЕЩЁ -10%,https://sokolov.ru/jewelry-catalog/product/029963/,7 000 руб. - 8 000 руб.
2024-06-05,Sokolov,2.21,18900.0,БК СЕРЬГИ,8552.0,нет скидочного купона,https://sokolov.ru/jewelry-catalog/product/029963?reviews/,8 000 руб. - 9 000 руб.
2024-06-05,Sokolov,0.83,8316.0,БК ПОДВЕС ДЕКОР,10019.0,Дополнительная скидка по акции «Готовимся к лету!» ЕЩЁ -20%,https://sokolov.ru/jewelry-catalog/product/035158/,свыше 10 000 руб.
2024-06-05,Sokolov,0.83,10395.0,БК ПОДВЕС ДЕКОР,12524.0,нет скидочного купона,https://sokolov.ru/jewelry-catalog/product/035158?reviews/,свыше 10 000 руб.
2024-06-05,Sokolov,1.1,11025.0,БК ПОДВЕС ДЕКОР,10023.0,нет скидочного купона,https://sokolov.ru/jewelry-catalog/product/035680/,свыше 10 000 руб.
2024-06-05,Sokolov,1.1,11025.0,БК ПОДВЕС ДЕКОР,10023.0,нет скидочного купона,https://sokolov.ru/jewelry-catalog/product/035680?reviews/,свыше 10 000 руб.
2024-06-05,Sokolov,0.51,5355.0,БК ПОДВЕС ДЕКОР,10500.0,нет скидочного купона,https://sokolov.ru/jewelry-catalog/product/036144/,свыше 10 000 руб.
2024-06-05,Sokolov,0.51,5355.0,БК ПОДВЕС ДЕКОР,10500.0,нет скидочного купона,https://sokolov.ru/jewelry-catalog/product/036144?reviews/,свыше 10 000 руб.
2024-06-05,Sokolov,0.23,2690.1000000000004,БК ПОДВЕС ДЕКОР,11696.0,Дополнительная скидка по акции «Готовимся к лету!» ЕЩЁ -10%,https://sokolov.ru/jewelry-catalog/product/036192-2/,свыше 10 000 руб.
2024-06-05,Sokolov,0.23,2989.0,БК ПОДВЕС ДЕКОР,12996.0,нет скидочного купона,https://sokolov.ru/jewelry-catalog/product/036192-2?reviews/,свыше 10 000 руб.
2024-06-05,Sokolov,0.32,3304.0,БК ПОДВЕС ДЕКОР,10325.0,нет скидочного купона,https://sokolov.ru/jewelry-catalog/product/036217/,свыше 10 000 руб.
2024-06-05,Sokolov,0.32,3304.0,БК ПОДВЕС ДЕКОР,10325.0,нет скидочного купона,https://sokolov.ru/jewelry-catalog/product/036217?reviews/,свыше 10 000 руб.
2024-06-05,Sokolov,2.29,22050.0,ЦБ БРАСЛЕТЫ,9629.0,нет скидочного купона,https://sokolov.ru/jewelry-catalog/product/050346/,9 000 руб. - 10 000 руб.
2024-06-05,Sokolov,2.29,22050.0,ЦБ БРАСЛЕТЫ,9629.0,нет скидочного купона,https://sokolov.ru/jewelry-catalog/product/050346?reviews/,9 000 руб. - 10 000 руб.
2024-06-05,Sokolov,1.56,13545.0,ЦБ БРАСЛЕТЫ,8683.0,нет скидочного купона,https://sokolov.ru/jewelry-catalog/product/050930/,8 000 руб. - 9 000 руб.
2024-06-05,Sokolov,1.56,13545.0,ЦБ БРАСЛЕТЫ,8683.0,нет скидочного купона,https://sokolov.ru/jewelry-catalog/product/050930?reviews/,8 000 руб. - 9 000 руб.
2024-06-05,Sokolov,1.21,10080.0,ЦБ БРАСЛЕТЫ,8331.0,Дополнительная скидка по акции «Готовимся к лету!» ЕЩЁ -20%,https://sokolov.ru/jewelry-catalog/product/051292/,8 000 руб. - 9 000 руб.
2024-06-05,Sokolov,1.21,12600.0,ЦБ БРАСЛЕТЫ,10413.0,нет скидочного купона,https://sokolov.ru/jewelry-catalog/product/051292?reviews/,свыше 10 000 руб.
2024-06-05,Sokolov,1.08,9355.5,ЦБ БРАСЛЕТЫ,8662.0,Дополнительная скидка по акции «Готовимся к лету!» ЕЩЁ -10%,https://sokolov.ru/jewelry-catalog/product/051390/,8 000 руб. - 9 000 руб.
2024-06-05,Sokolov,1.08,10395.0,ЦБ БРАСЛЕТЫ,9625.0,нет скидочного купона,https://sokolov.ru/jewelry-catalog/product/051390?reviews/,9 000 руб. - 10 000 руб.
2024-06-05,Sokolov,2.02,22050.0,БК КОЛЬЦА ОБРУЧ,10916.0,нет скидочного купона,https://sokolov.ru/jewelry-catalog/product/110182-2/,свыше 10 000 руб.
2024-06-05,Sokolov,3.0,26145.0,БК КОЛЬЦА ОБРУЧ,8715.0,нет скидочного купона,https://sokolov.ru/jewelry-catalog/product/112026-01/,8 000 руб. - 9 000 руб.
2024-06-05,Sokolov,1.2,10080.0,БК СЕРЬГИ,8400.0,Дополнительная скидка по акции «Готовимся к лету!» ЕЩЁ -20%,https://sokolov.ru/jewelry-catalog/product/140012-2/,8 000 руб. - 9 000 руб.
2024-06-05,Sokolov,0.9,9072.0,БК СЕРЬГИ,10080.0,Дополнительная скидка по акции «Готовимся к лету!» ЕЩЁ -20%,https://sokolov.ru/jewelry-catalog/product/140066-2/,свыше 10 000 руб.
2024-06-05,Sokolov,2.13,17136.0,БК СЕРЬГИ,8045.0,Дополнительная скидка по акции «Готовимся к лету!» ЕЩЁ -20%,https://sokolov.ru/jewelry-catalog/product/140148-2/,8 000 руб. - 9 000 руб.
2024-06-05,Sokolov,2.28,21420.0,БК СЕРЬГИ,9395.0,нет скидочного купона,https://sokolov.ru/jewelry-catalog/product/140167/,9 000 руб. - 10 000 руб.
2024-06-05,Sokolov,1.31,11340.0,БК СЕРЬГИ,8656.0,Дополнительная скидка по акции «Готовимся к лету!» ЕЩЁ -10%,https://sokolov.ru/jewelry-catalog/product/140179/,8 000 руб. - 9 000 руб.
2024-06-05,Sokolov,1.52,16695.0,ЦБ ЦЕПИ,10984.0,нет скидочного купона,https://sokolov.ru/jewelry-catalog/product/2106020-2/,свыше 10 000 руб.
2024-06-05,Sokolov,2.81,25200.0,ЦБ ЦЕПИ,8968.0,нет скидочного купона,https://sokolov.ru/jewelry-catalog/product/2108020-2/,8 000 руб. - 9 000 руб.
2024-06-05,Sokolov,2.96,26775.0,ЦБ БРАСЛЕТЫ,9046.0,нет скидочного купона,https://sokolov.ru/jewelry-catalog/product/551020502/,9 000 руб. - 10 000 руб.
2024-06-05,Sokolov,2.31,22050.0,ЦБ БРАСЛЕТЫ,9545.0,нет скидочного купона,https://sokolov.ru/jewelry-catalog/product/552060602/,9 000 руб. - 10 000 руб.
2024-06-05,Sokolov,10.63,86625.0,ЦБ ЦЕПИ,8149.0,нет скидочного купона,https://sokolov.ru/jewelry-catalog/product/581010606/,8 000 руб. - 9 000 руб.
2024-06-05,Sokolov,25.25,218925.0,ЦБ ЦЕПИ,8670.0,нет скидочного купона,https://sokolov.ru/jewelry-catalog/product/581070802/,8 000 руб. - 9 000 руб.
2024-06-05,Sokolov,3.46,31500.0,ЦБ ЦЕПИ,9104.0,нет скидочного купона,https://sokolov.ru/jewelry-catalog/product/581080300-37-3/,9 000 руб. - 10 000 руб.
2024-06-05,Sokolov,11.02,83475.0,ЦБ ЦЕПИ,7575.0,нет скидочного купона,https://sokolov.ru/jewelry-catalog/product/581100502/,7 000 руб. - 8 000 руб.
2024-06-05,Sokolov,15.2,112350.0,ЦБ ЦЕПИ,7391.0,нет скидочного купона,https://sokolov.ru/jewelry-catalog/product/581100602/,7 000 руб. - 8 000 руб.
2024-06-05,Sokolov,2.59,25200.0,ЦБ ЦЕПИ,9730.0,нет скидочного купона,https://sokolov.ru/jewelry-catalog/product/581110300-2/,9 000 руб. - 10 000 руб.
2024-06-05,Sokolov,3.77,37800.0,БК КОЛЬЦА,10027.0,нет скидочного купона,https://sokolov.ru/jewelry-catalog/product/018655/,свыше 10 000 руб.
2024-06-05,Sokolov,1.66,14175.0,БК КОЛЬЦА,8539.0,Дополнительная скидка по акции «Готовимся к лету!» ЕЩЁ -10%,https://sokolov.ru/jewelry-catalog/product/018854/,8 000 руб. - 9 000 руб.
2024-06-05,Sokolov,3.03,25200.0,БК КОЛЬЦА,8317.0,нет скидочного купона,https://sokolov.ru/jewelry-catalog/product/018858/,8 000 руб. - 9 000 руб.
2024-06-05,Sokolov,2.78,19950.0,БК КОЛЬЦА ОБРУЧ,7176.0,нет скидочного купона,https://sokolov.ru/jewelry-catalog/product/111201/,7 000 руб. - 8 000 руб.
2024-06-05,Sokolov,3.57,34650.0,БК СЕРЬГИ,9706.0,нет скидочного купона,https://sokolov.ru/jewelry-catalog/product/029734/,9 000 руб. - 10 000 руб.
2024-06-05,Sokolov,3.04,24570.0,БК КОЛЬЦА,8082.0,нет скидочного купона,https://sokolov.ru/jewelry-catalog/product/018717/,8 000 руб. - 9 000 руб.
2024-06-05,Sokolov,3.64,33075.0,БК КОЛЬЦА,9087.0,нет скидочного купона,https://sokolov.ru/jewelry-catalog/product/018731/,9 000 руб. - 10 000 руб.
2024-06-05,Sokolov,3.06,24570.0,БК КОЛЬЦА,8029.0,нет скидочного купона,https://sokolov.ru/jewelry-catalog/product/018777/,8 000 руб. - 9 000 руб.
2024-06-05,Sokolov,1.63,13230.0,БК КОЛЬЦА,8117.0,нет скидочного купона,https://sokolov.ru/jewelry-catalog/product/018799/,8 000 руб. - 9 000 руб.
2024-06-05,Sokolov,2.22,18270.0,БК КОЛЬЦА,8230.0,нет скидочного купона,https://sokolov.ru/jewelry-catalog/product/018930/,8 000 руб. - 9 000 руб.
2024-06-05,Sokolov,1.8,13440.0,БК СЕРЬГИ,7467.0,нет скидочного купона,https://sokolov.ru/jewelry-catalog/product/0200047/,7 000 руб. - 8 000 руб.
2024-06-05,Sokolov,3.13,27720.0,БК СЕРЬГИ,8856.0,нет скидочного купона,https://sokolov.ru/jewelry-catalog/product/0200095/,8 000 руб. - 9 000 руб.
2024-06-05,Sokolov,1.02,9135.0,БК СЕРЬГИ,8956.0,нет скидочного купона,https://sokolov.ru/jewelry-catalog/product/0200113/,8 000 руб. - 9 000 руб.
2024-06-05,Sokolov,5.26,41107.5,БК СЕРЬГИ,7815.0,Дополнительная скидка по акции «Готовимся к лету!» ЕЩЁ -10%,https://sokolov.ru/jewelry-catalog/product/026747/,7 000 руб. - 8 000 руб.
2024-06-05,Sokolov,0.92,7087.5,БК СЕРЬГИ,7704.0,Дополнительная скидка по акции «Готовимся к лету!» ЕЩЁ -10%,https://sokolov.ru/jewelry-catalog/product/026989-2/,7 000 руб. - 8 000 руб.
2024-06-05,Sokolov,2.32,17325.0,БК СЕРЬГИ,7468.0,нет скидочного купона,https://sokolov.ru/jewelry-catalog/product/027395/,7 000 руб. - 8 000 руб.
2024-06-05,Sokolov,1.32,11907.0,БК СЕРЬГИ,9020.0,Дополнительная скидка по акции «Готовимся к лету!» ЕЩЁ -10%,https://sokolov.ru/jewelry-catalog/product/027742/,9 000 руб. - 10 000 руб.
2024-06-05,Sokolov,1.36,10206.0,БК СЕРЬГИ,7504.0,Дополнительная скидка по акции «Готовимся к лету!» ЕЩЁ -10%,https://sokolov.ru/jewelry-catalog/product/027759/,7 000 руб. - 8 000 руб.
2024-06-05,Sokolov,3.36,25515.0,БК СЕРЬГИ,7594.0,Дополнительная скидка по акции «Готовимся к лету!» ЕЩЁ -10%,https://sokolov.ru/jewelry-catalog/product/027835/,7 000 руб. - 8 000 руб.
2024-06-05,Sokolov,3.05,24570.0,БК СЕРЬГИ,8056.0,нет скидочного купона,https://sokolov.ru/jewelry-catalog/product/027884/,8 000 руб. - 9 000 руб.
2024-06-05,Sokolov,3.12,23625.0,БК СЕРЬГИ,7572.0,нет скидочного купона,https://sokolov.ru/jewelry-catalog/product/027885/,7 000 руб. - 8 000 руб.
2024-06-05,Sokolov,3.5,22680.0,БК СЕРЬГИ,6480.0,нет скидочного купона,https://sokolov.ru/jewelry-catalog/product/028660/,6 000 руб. - 6 500 руб.
2024-06-05,Sokolov,3.0,19950.0,БК СЕРЬГИ,6650.0,нет скидочного купона,https://sokolov.ru/jewelry-catalog/product/028780/,6 500 руб. - 7 000 руб.
2024-06-05,Sokolov,3.95,30240.0,БК СЕРЬГИ,7656.0,нет скидочного купона,https://sokolov.ru/jewelry-catalog/product/028784/,7 000 руб. - 8 000 руб.
2024-06-05,Sokolov,2.55,19278.0,БК СЕРЬГИ,7560.0,Дополнительная скидка по акции «Готовимся к лету!» ЕЩЁ -10%,https://sokolov.ru/jewelry-catalog/product/028846/,7 000 руб. - 8 000 руб.
2024-06-05,Sokolov,3.2,21000.0,БК СЕРЬГИ,6562.0,нет скидочного купона,https://sokolov.ru/jewelry-catalog/product/028862/,6 500 руб. - 7 000 руб.
2024-06-05,Sokolov,1.55,10773.0,БК СЕРЬГИ,6950.0,Дополнительная скидка по акции «Готовимся к лету!» ЕЩЁ -10%,https://sokolov.ru/jewelry-catalog/product/029038/,6 500 руб. - 7 000 руб.
2024-06-05,Sokolov,2.53,17010.0,БК СЕРЬГИ,6723.0,Дополнительная скидка по акции «Готовимся к лету!» ЕЩЁ -10%,https://sokolov.ru/jewelry-catalog/product/029074-2/,6 500 руб. - 7 000 руб.
2024-06-05,Sokolov,2.65,19845.0,БК СЕРЬГИ,7489.0,нет скидочного купона,https://sokolov.ru/jewelry-catalog/product/029108-2/,7 000 руб. - 8 000 руб.
2024-06-05,Sokolov,3.05,27090.0,БК СЕРЬГИ,8882.0,нет скидочного купона,https://sokolov.ru/jewelry-catalog/product/029162/,8 000 руб. - 9 000 руб.
2024-06-05,Sokolov,1.13,9072.0,БК СЕРЬГИ,8028.0,Дополнительная скидка по акции «Готовимся к лету!» ЕЩЁ -10%,https://sokolov.ru/jewelry-catalog/product/029181/,8 000 руб. - 9 000 руб.
2024-06-05,Sokolov,3.24,27090.0,БК СЕРЬГИ,8361.0,нет скидочного купона,https://sokolov.ru/jewelry-catalog/product/029218/,8 000 руб. - 9 000 руб.
2024-06-05,Sokolov,1.87,15876.0,БК СЕРЬГИ,8490.0,Дополнительная скидка по акции «Готовимся к лету!» ЕЩЁ -10%,https://sokolov.ru/jewelry-catalog/product/029230/,8 000 руб. - 9 000 руб.
2024-06-05,Sokolov,3.53,28980.0,БК СЕРЬГИ,8210.0,нет скидочного купона,https://sokolov.ru/jewelry-catalog/product/029237/,8 000 руб. - 9 000 руб.
2024-06-05,Sokolov,3.53,27720.0,БК СЕРЬГИ,7853.0,нет скидочного купона,https://sokolov.ru/jewelry-catalog/product/029237-2/,7 000 руб. - 8 000 руб.
2024-06-05,Sokolov,1.98,17325.0,БК СЕРЬГИ,8750.0,нет скидочного купона,https://sokolov.ru/jewelry-catalog/product/029300/,8 000 руб. - 9 000 руб.
2024-06-05,Sokolov,5.02,42525.0,БК СЕРЬГИ,8471.0,нет скидочного купона,https://sokolov.ru/jewelry-catalog/product/029302/,8 000 руб. - 9 000 руб.
2024-06-05,Sokolov,2.68,22050.0,БК СЕРЬГИ,8228.0,нет скидочного купона,https://sokolov.ru/jewelry-catalog/product/029324/,8 000 руб. - 9 000 руб.
2024-06-05,Sokolov,1.77,12474.0,БК СЕРЬГИ,7047.0,Дополнительная скидка по акции «Готовимся к лету!» ЕЩЁ -10%,https://sokolov.ru/jewelry-catalog/product/029333/,7 000 руб. - 8 000 руб.
2024-06-05,Sokolov,3.04,27090.0,БК СЕРЬГИ,8911.0,нет скидочного купона,https://sokolov.ru/jewelry-catalog/product/029354/,8 000 руб. - 9 000 руб.
2024-06-05,Sokolov,1.35,12600.0,БК СЕРЬГИ,9333.0,нет скидочного купона,https://sokolov.ru/jewelry-catalog/product/029367/,9 000 руб. - 10 000 руб.
2024-06-05,Sokolov,2.84,21000.0,БК СЕРЬГИ,7394.0,нет скидочного купона,https://sokolov.ru/jewelry-catalog/product/029430/,7 000 руб. - 8 000 руб.
2024-06-05,Sokolov,1.41,11025.0,БК СЕРЬГИ,7819.0,нет скидочного купона,https://sokolov.ru/jewelry-catalog/product/029468/,7 000 руб. - 8 000 руб.
2024-06-05,Sokolov,3.17,23940.0,БК СЕРЬГИ,7552.0,нет скидочного купона,https://sokolov.ru/jewelry-catalog/product/029487/,7 000 руб. - 8 000 руб.
2024-06-05,Sokolov,2.82,22680.0,БК СЕРЬГИ,8043.0,нет скидочного купона,https://sokolov.ru/jewelry-catalog/product/029501/,8 000 руб. - 9 000 руб.
2024-06-05,Sokolov,2.44,18711.0,БК СЕРЬГИ,7668.0,Дополнительная скидка по акции «Готовимся к лету!» ЕЩЁ -10%,https://sokolov.ru/jewelry-catalog/product/029549/,7 000 руб. - 8 000 руб.
2024-06-05,Sokolov,1.39,10080.0,БК СЕРЬГИ,7252.0,нет скидочного купона,https://sokolov.ru/jewelry-catalog/product/029550/,7 000 руб. - 8 000 руб.
2024-06-05,Sokolov,3.18,22680.0,БК СЕРЬГИ,7132.0,нет скидочного купона,https://sokolov.ru/jewelry-catalog/product/029592/,7 000 руб. - 8 000 руб.
2024-06-05,Sokolov,3.3,25515.0,БК СЕРЬГИ,7732.0,Дополнительная скидка по акции «Готовимся к лету!» ЕЩЁ -10%,https://sokolov.ru/jewelry-catalog/product/029601/,7 000 руб. - 8 000 руб.
2024-06-05,Sokolov,3.34,30240.0,БК СЕРЬГИ,9054.0,нет скидочного купона,https://sokolov.ru/jewelry-catalog/product/029678/,9 000 руб. - 10 000 руб.
2024-06-05,Sokolov,3.95,28350.0,БК СЕРЬГИ,7177.0,нет скидочного купона,https://sokolov.ru/jewelry-catalog/product/029695/,7 000 руб. - 8 000 руб.
2024-06-05,Sokolov,4.67,31500.0,БК СЕРЬГИ,6745.0,нет скидочного купона,https://sokolov.ru/jewelry-catalog/product/029724/,6 500 руб. - 7 000 руб.
2024-06-05,Sokolov,1.46,9800.0,БК СЕРЬГИ,6712.0,нет скидочного купона,https://sokolov.ru/jewelry-catalog/product/029728/,6 500 руб. - 7 000 руб.
2024-06-05,Sokolov,4.78,37800.0,БК СЕРЬГИ,7908.0,нет скидочного купона,https://sokolov.ru/jewelry-catalog/product/029733/,7 000 руб. - 8 000 руб.
2024-06-05,Sokolov,1.89,15120.0,БК СЕРЬГИ,8000.0,нет скидочного купона,https://sokolov.ru/jewelry-catalog/product/029753/,7 000 руб. - 8 000 руб.
2024-06-05,Sokolov,1.55,13041.0,БК СЕРЬГИ,8414.0,Дополнительная скидка по акции «Готовимся к лету!» ЕЩЁ -10%,https://sokolov.ru/jewelry-catalog/product/029757/,8 000 руб. - 9 000 руб.
2024-06-05,Sokolov,2.1,15025.5,БК СЕРЬГИ,7155.0,Дополнительная скидка по акции «Готовимся к лету!» ЕЩЁ -10%,https://sokolov.ru/jewelry-catalog/product/029800/,7 000 руб. - 8 000 руб.
2024-06-05,Sokolov,1.97,15750.0,БК СЕРЬГИ,7995.0,нет скидочного купона,https://sokolov.ru/jewelry-catalog/product/029822/,7 000 руб. - 8 000 руб.
2024-06-05,Sokolov,2.33,19278.0,БК СЕРЬГИ,8274.0,Дополнительная скидка по акции «Готовимся к лету!» ЕЩЁ -10%,https://sokolov.ru/jewelry-catalog/product/029853/,8 000 руб. - 9 000 руб.
2024-06-05,Sokolov,2.59,19845.0,БК СЕРЬГИ,7662.0,нет скидочного купона,https://sokolov.ru/jewelry-catalog/product/029899/,7 000 руб. - 8 000 руб.
2024-06-05,Sokolov,1.48,13230.0,БК СЕРЬГИ,8939.0,нет скидочного купона,https://sokolov.ru/jewelry-catalog/product/029922/,8 000 руб. - 9 000 руб.
2024-06-05,Sokolov,1.03,8221.5,БК СЕРЬГИ,7982.0,Дополнительная скидка по акции «Готовимся к лету!» ЕЩЁ -10%,https://sokolov.ru/jewelry-catalog/product/029923/,7 000 руб. - 8 000 руб.
2024-06-05,Sokolov,0.28,2520.0,БК ПОДВЕС ДЕКОР,9000.0,Дополнительная скидка по акции «Готовимся к лету!» ЕЩЁ -20%,https://sokolov.ru/jewelry-catalog/product/034675/,8 000 руб. - 9 000 руб.
2024-06-05,Sokolov,0.37,3465.0,БК ПОДВЕС ДЕКОР,9365.0,нет скидочного купона,https://sokolov.ru/jewelry-catalog/product/035140/,9 000 руб. - 10 000 руб.
2024-06-05,Sokolov,0.76,6930.0,БК ПОДВЕС ДЕКОР,9118.0,нет скидочного купона,https://sokolov.ru/jewelry-catalog/product/035319/,9 000 руб. - 10 000 руб.
2024-06-05,Sokolov,0.76,6520.5,БК ПОДВЕС КУЛЬТ,8580.0,Дополнительная скидка по акции «Готовимся к лету!» ЕЩЁ -10%,https://sokolov.ru/jewelry-catalog/product/035378/,8 000 руб. - 9 000 руб.
2024-06-05,Sokolov,3.62,31185.0,БК ПОДВЕС КУЛЬТ,8615.0,Дополнительная скидка по акции «Готовимся к лету!» ЕЩЁ -10%,https://sokolov.ru/jewelry-catalog/product/035411/,8 000 руб. - 9 000 руб.
2024-06-05,Sokolov,0.62,5985.0,БК ПОДВЕС ДЕКОР,9653.0,нет скидочного купона,https://sokolov.ru/jewelry-catalog/product/035581/,9 000 руб. - 10 000 руб.
2024-06-05,Sokolov,0.93,9450.0,БК ПОДВЕС ДЕКОР,10161.0,нет скидочного купона,https://sokolov.ru/jewelry-catalog/product/035641/,свыше 10 000 руб.
2024-06-05,Sokolov,0.7,6615.0,БК ПОДВЕС ДЕКОР,9450.0,нет скидочного купона,https://sokolov.ru/jewelry-catalog/product/035711/,9 000 руб. - 10 000 руб.
2024-06-05,Sokolov,0.8,6804.0,БК ПОДВЕС ДЕКОР,8505.0,Дополнительная скидка по акции «Готовимся к лету!» ЕЩЁ -10%,https://sokolov.ru/jewelry-catalog/product/035826/,8 000 руб. - 9 000 руб.
2024-06-05,Sokolov,1.92,14175.0,БК ПОДВЕС ДЕКОР,7383.0,нет скидочного купона,https://sokolov.ru/jewelry-catalog/product/035915-2/,7 000 руб. - 8 000 руб.
2024-06-05,Sokolov,0.84,7560.0,БК ПОДВЕС ДЕКОР,9000.0,нет скидочного купона,https://sokolov.ru/jewelry-catalog/product/035941/,8 000 руб. - 9 000 руб.
2024-06-05,Sokolov,1.49,16695.0,БК ПОДВЕС ДЕКОР,11205.0,нет скидочного купона,https://sokolov.ru/jewelry-catalog/product/036013/,свыше 10 000 руб.
2024-06-05,Sokolov,1.82,16695.0,БК ПОДВЕС ДЕКОР,9173.0,нет скидочного купона,https://sokolov.ru/jewelry-catalog/product/036028/,9 000 руб. - 10 000 руб.
2024-06-05,Sokolov,1.16,11025.0,БК ПОДВЕС ДЕКОР,9504.0,нет скидочного купона,https://sokolov.ru/jewelry-catalog/product/036064/,9 000 руб. - 10 000 руб.
2024-06-05,Sokolov,1.92,16695.0,БК ПОДВЕС ДЕКОР,8695.0,нет скидочного купона,https://sokolov.ru/jewelry-catalog/product/036065/,8 000 руб. - 9 000 руб.
2024-06-05,Sokolov,1.87,14175.0,БК ПОДВЕС ДЕКОР,7580.0,Дополнительная скидка по акции «Готовимся к лету!» ЕЩЁ -10%,https://sokolov.ru/jewelry-catalog/product/036104/,7 000 руб. - 8 000 руб.
2024-06-05,Sokolov,1.09,10395.0,БК ПОДВЕС ДЕКОР,9537.0,нет скидочного купона,https://sokolov.ru/jewelry-catalog/product/036113/,9 000 руб. - 10 000 руб.
2024-06-05,Sokolov,0.5,4879.0,БК ПОДВЕС ДЕКОР,9758.0,нет скидочного купона,https://sokolov.ru/jewelry-catalog/product/036121/,9 000 руб. - 10 000 руб.
2024-06-05,Sokolov,0.58,5985.0,БК ПОДВЕС ДЕКОР,10319.0,нет скидочного купона,https://sokolov.ru/jewelry-catalog/product/036131/,свыше 10 000 руб.
2024-06-05,Sokolov,0.34,2406.6000000000004,БК ПОДВЕС ДЕКОР,7078.0,Дополнительная скидка по акции «Готовимся к лету!» ЕЩЁ -10%,https://sokolov.ru/jewelry-catalog/product/036176/,7 000 руб. - 8 000 руб.
2024-06-05,Sokolov,0.81,6930.0,БК ПОДВЕС ДЕКОР,8556.0,нет скидочного купона,https://sokolov.ru/jewelry-catalog/product/036234/,8 000 руб. - 9 000 руб.
2024-06-05,Sokolov,1.17,10395.0,БК ПОДВЕС ДЕКОР,8885.0,нет скидочного купона,https://sokolov.ru/jewelry-catalog/product/036333/,8 000 руб. - 9 000 руб.
2024-06-05,Sokolov,0.46,4819.5,БК ПОДВЕС ДЕКОР,10477.0,Дополнительная скидка по акции «Готовимся к лету!» ЕЩЁ -10%,https://sokolov.ru/jewelry-catalog/product/036389/,свыше 10 000 руб.
2024-06-05,Sokolov,0.49,4725.0,БК ПОДВЕС ДЕКОР,9643.0,нет скидочного купона,https://sokolov.ru/jewelry-catalog/product/036413/,9 000 руб. - 10 000 руб.
2024-06-05,Sokolov,0.71,6615.0,БК ПОДВЕС ДЕКОР,9317.0,нет скидочного купона,https://sokolov.ru/jewelry-catalog/product/036449/,9 000 руб. - 10 000 руб.
2024-06-05,Sokolov,2.55,21262.5,ЦБ БРАСЛЕТЫ,8338.0,Дополнительная скидка по акции «Готовимся к лету!» ЕЩЁ -10%,https://sokolov.ru/jewelry-catalog/product/050342/,8 000 руб. - 9 000 руб.
2024-06-05,Sokolov,5.21,42525.0,ЦБ БРАСЛЕТЫ,8162.0,нет скидочного купона,https://sokolov.ru/jewelry-catalog/product/050908/,8 000 руб. - 9 000 руб.
2024-06-05,Sokolov,3.16,22113.0,ЦБ БРАСЛЕТЫ,6998.0,Дополнительная скидка по акции «Готовимся к лету!» ЕЩЁ -10%,https://sokolov.ru/jewelry-catalog/product/050990/,6 500 руб. - 7 000 руб.
2024-06-05,Sokolov,1.24,13608.0,ЦБ БРАСЛЕТЫ,10974.0,Дополнительная скидка по акции «Готовимся к лету!» ЕЩЁ -10%,https://sokolov.ru/jewelry-catalog/product/051048/,свыше 10 000 руб.
2024-06-05,Sokolov,4.73,39375.0,ЦБ БРАСЛЕТЫ,8325.0,нет скидочного купона,https://sokolov.ru/jewelry-catalog/product/051077/,8 000 руб. - 9 000 руб.
2024-06-05,Sokolov,3.96,31185.0,ЦБ БРАСЛЕТЫ,7875.0,Дополнительная скидка по акции «Готовимся к лету!» ЕЩЁ -10%,https://sokolov.ru/jewelry-catalog/product/051078/,7 000 руб. - 8 000 руб.
2024-06-05,Sokolov,2.56,22050.0,ЦБ БРАСЛЕТЫ,8613.0,нет скидочного купона,https://sokolov.ru/jewelry-catalog/product/051079/,8 000 руб. - 9 000 руб.
2024-06-05,Sokolov,4.54,36750.0,ЦБ БРАСЛЕТЫ,8095.0,нет скидочного купона,https://sokolov.ru/jewelry-catalog/product/051083/,8 000 руб. - 9 000 руб.
2024-06-05,Sokolov,3.97,36225.0,ЦБ БРАСЛЕТЫ,9125.0,нет скидочного купона,https://sokolov.ru/jewelry-catalog/product/051094/,9 000 руб. - 10 000 руб.
2024-06-05,Sokolov,4.74,32602.5,ЦБ БРАСЛЕТЫ,6878.0,Дополнительная скидка по акции «Готовимся к лету!» ЕЩЁ -10%,https://sokolov.ru/jewelry-catalog/product/051124/,6 500 руб. - 7 000 руб.
2024-06-05,Sokolov,2.34,19845.0,ЦБ БРАСЛЕТЫ,8481.0,Дополнительная скидка по акции «Готовимся к лету!» ЕЩЁ -10%,https://sokolov.ru/jewelry-catalog/product/051125/,8 000 руб. - 9 000 руб.
2024-06-05,Sokolov,2.14,16380.0,ЦБ БРАСЛЕТЫ,7654.0,нет скидочного купона,https://sokolov.ru/jewelry-catalog/product/051129/,7 000 руб. - 8 000 руб.
2024-06-05,Sokolov,6.8,56700.0,ЦБ БРАСЛЕТЫ,8338.0,Дополнительная скидка по акции «Готовимся к лету!» ЕЩЁ -10%,https://sokolov.ru/jewelry-catalog/product/051145/,8 000 руб. - 9 000 руб.
2024-06-05,Sokolov,1.34,11340.0,ЦБ БРАСЛЕТЫ,8463.0,Дополнительная скидка по акции «Готовимся к лету!» ЕЩЁ -10%,https://sokolov.ru/jewelry-catalog/product/051176/,8 000 руб. - 9 000 руб.
2024-06-05,Sokolov,3.41,34650.0,ЦБ БРАСЛЕТЫ,10161.0,нет скидочного купона,https://sokolov.ru/jewelry-catalog/product/051185/,свыше 10 000 руб.
2024-06-05,Sokolov,1.36,12600.0,ЦБ БРАСЛЕТЫ,9265.0,нет скидочного купона,https://sokolov.ru/jewelry-catalog/product/051217/,9 000 руб. - 10 000 руб.
2024-06-05,Sokolov,1.81,15120.0,ЦБ БРАСЛЕТЫ,8354.0,нет скидочного купона,https://sokolov.ru/jewelry-catalog/product/051241/,8 000 руб. - 9 000 руб.
2024-06-05,Sokolov,9.77,74550.0,ЦБ БРАСЛЕТЫ,7631.0,нет скидочного купона,https://sokolov.ru/jewelry-catalog/product/051242/,7 000 руб. - 8 000 руб.
2024-06-05,Sokolov,1.74,18270.0,ЦБ БРАСЛЕТЫ,10500.0,нет скидочного купона,https://sokolov.ru/jewelry-catalog/product/051280/,свыше 10 000 руб.
2024-06-05,Sokolov,1.56,13545.0,ЦБ БРАСЛЕТЫ,8683.0,нет скидочного купона,https://sokolov.ru/jewelry-catalog/product/051329/,8 000 руб. - 9 000 руб.
2024-06-05,Sokolov,1.46,11340.0,ЦБ БРАСЛЕТЫ,7767.0,Дополнительная скидка по акции «Готовимся к лету!» ЕЩЁ -10%,https://sokolov.ru/jewelry-catalog/product/051346/,7 000 руб. - 8 000 руб.
2024-06-05,Sokolov,7.86,62370.0,ЦБ БРАСЛЕТЫ,7935.0,Дополнительная скидка по акции «Готовимся к лету!» ЕЩЁ -10%,https://sokolov.ru/jewelry-catalog/product/051349/,7 000 руб. - 8 000 руб.
2024-06-05,Sokolov,5.05,40950.0,ЦБ БРАСЛЕТЫ,8109.0,нет скидочного купона,https://sokolov.ru/jewelry-catalog/product/051422/,8 000 руб. - 9 000 руб.
2024-06-05,Sokolov,1.56,12600.0,БК ПОДВЕС ДЕКОР,8077.0,нет скидочного купона,https://sokolov.ru/jewelry-catalog/product/104213/,8 000 руб. - 9 000 руб.
2024-06-05,Sokolov,3.41,26775.0,БК КОЛЬЦА ОБРУЧ,7852.0,нет скидочного купона,https://sokolov.ru/jewelry-catalog/product/110162/,7 000 руб. - 8 000 руб.
2024-06-05,Sokolov,4.14,34650.0,БК КОЛЬЦА ОБРУЧ,8370.0,нет скидочного купона,https://sokolov.ru/jewelry-catalog/product/110164/,8 000 руб. - 9 000 руб.
2024-06-05,Sokolov,3.3,24150.0,БК КОЛЬЦА ОБРУЧ,7318.0,нет скидочного купона,https://sokolov.ru/jewelry-catalog/product/110204/,7 000 руб. - 8 000 руб.
2024-06-05,Sokolov,2.66,17850.0,БК КОЛЬЦА ОБРУЧ,6711.0,нет скидочного купона,https://sokolov.ru/jewelry-catalog/product/110234/,6 500 руб. - 7 000 руб.
2024-06-05,Sokolov,3.0,19845.0,БК КОЛЬЦА ОБРУЧ,6615.0,нет скидочного купона,https://sokolov.ru/jewelry-catalog/product/112026-02/,6 500 руб. - 7 000 руб.
2024-06-05,Sokolov,2.82,17325.0,БК КОЛЬЦА ОБРУЧ,6144.0,нет скидочного купона,https://sokolov.ru/jewelry-catalog/product/114099-01/,6 000 руб. - 6 500 руб.
2024-06-05,Sokolov,2.82,19950.0,БК КОЛЬЦА ОБРУЧ,7074.0,нет скидочного купона,https://sokolov.ru/jewelry-catalog/product/114102-01/,7 000 руб. - 8 000 руб.
2024-06-05,Sokolov,3.13,25200.0,БК КОЛЬЦА ОБРУЧ,8051.0,нет скидочного купона,https://sokolov.ru/jewelry-catalog/product/114134-01/,8 000 руб. - 9 000 руб.
2024-06-05,Sokolov,1.15,10395.0,БК ПОДВЕС ДЕКОР,9039.0,нет скидочного купона,https://sokolov.ru/jewelry-catalog/product/120050-3/,9 000 руб. - 10 000 руб.
2024-06-05,Sokolov,1.04,8190.0,БК ПОДВЕС КУЛЬТ,7875.0,нет скидочного купона,https://sokolov.ru/jewelry-catalog/product/120083/,7 000 руб. - 8 000 руб.
2024-06-05,Sokolov,1.04,8190.0,БК ПОДВЕС КУЛЬТ,7875.0,нет скидочного купона,https://sokolov.ru/jewelry-catalog/product/120083?reviews/,7 000 руб. - 8 000 руб.
2024-06-05,Sokolov,1.28,11025.0,БК ПОДВЕС ДЕКОР,8613.0,нет скидочного купона,https://sokolov.ru/jewelry-catalog/product/120188-2/,8 000 руб. - 9 000 руб.
2024-06-05,Sokolov,1.28,11025.0,БК ПОДВЕС ДЕКОР,8613.0,нет скидочного купона,https://sokolov.ru/jewelry-catalog/product/120188-2?reviews/,8 000 руб. - 9 000 руб.
2024-06-05,Sokolov,1.48,11970.0,БК ПОДВЕС ДЕКОР,8088.0,нет скидочного купона,https://sokolov.ru/jewelry-catalog/product/121019-2/,8 000 руб. - 9 000 руб.
2024-06-05,Sokolov,1.46,13545.0,БК ПОДВЕС КУЛЬТ,9277.0,нет скидочного купона,https://sokolov.ru/jewelry-catalog/product/121020/,9 000 руб. - 10 000 руб.
2024-06-05,Sokolov,1.46,13545.0,БК ПОДВЕС КУЛЬТ,9277.0,нет скидочного купона,https://sokolov.ru/jewelry-catalog/product/121020?reviews/,9 000 руб. - 10 000 руб.
2024-06-05,Sokolov,6.36,36750.0,БК ПОДВЕС КУЛЬТ,5778.0,нет скидочного купона,https://sokolov.ru/jewelry-catalog/product/121058/,5 500 руб. - 6 000 руб.
2024-06-05,Sokolov,6.36,36750.0,БК ПОДВЕС КУЛЬТ,5778.0,нет скидочного купона,https://sokolov.ru/jewelry-catalog/product/121058?reviews/,5 500 руб. - 6 000 руб.
2024-06-05,Sokolov,0.93,7371.0,БК ПОДВЕС ДЕКОР,7926.0,Дополнительная скидка по акции «Готовимся к лету!» ЕЩЁ -10%,https://sokolov.ru/jewelry-catalog/product/121101-3/,7 000 руб. - 8 000 руб.
2024-06-05,Sokolov,2.59,21262.5,БК ПОДВЕС ДЕКОР,8209.0,Дополнительная скидка по акции «Готовимся к лету!» ЕЩЁ -10%,https://sokolov.ru/jewelry-catalog/product/121116-3/,8 000 руб. - 9 000 руб.
2024-06-05,Sokolov,0.8,8505.0,БК ПОДВЕС КУЛЬТ,10631.0,Дополнительная скидка по акции «Готовимся к лету!» ЕЩЁ -10%,https://sokolov.ru/jewelry-catalog/product/121143-3/,свыше 10 000 руб.
2024-06-05,Sokolov,0.8,9450.0,БК ПОДВЕС КУЛЬТ,11812.0,нет скидочного купона,https://sokolov.ru/jewelry-catalog/product/121143-3?reviews/,свыше 10 000 руб.
2024-06-05,Sokolov,1.39,15120.0,БК ПОДВЕС КУЛЬТ,10878.0,нет скидочного купона,https://sokolov.ru/jewelry-catalog/product/121250/,свыше 10 000 руб.
2024-06-05,Sokolov,1.39,15120.0,БК ПОДВЕС КУЛЬТ,10878.0,нет скидочного купона,https://sokolov.ru/jewelry-catalog/product/121250?reviews/,свыше 10 000 руб.
2024-06-05,Sokolov,1.13,9922.5,БК ПОДВЕС ДЕКОР,8781.0,Дополнительная скидка по акции «Готовимся к лету!» ЕЩЁ -10%,https://sokolov.ru/jewelry-catalog/product/121261-3/,8 000 руб. - 9 000 руб.
2024-06-05,Sokolov,1.13,11025.0,БК ПОДВЕС ДЕКОР,9757.0,нет скидочного купона,https://sokolov.ru/jewelry-catalog/product/121261-3?reviews/,9 000 руб. - 10 000 руб.
2024-06-05,Sokolov,3.17,26365.5,БК ПОДВЕС КУЛЬТ,8317.0,Дополнительная скидка по акции «Готовимся к лету!» ЕЩЁ -10%,https://sokolov.ru/jewelry-catalog/product/121365/,8 000 руб. - 9 000 руб.
2024-06-05,Sokolov,3.17,29295.0,БК ПОДВЕС КУЛЬТ,9241.0,нет скидочного купона,https://sokolov.ru/jewelry-catalog/product/121365?reviews/,9 000 руб. - 10 000 руб.
2024-06-05,Sokolov,1.14,10836.0,БК ПОДВЕС КУЛЬТ,9505.0,Дополнительная скидка по акции «Готовимся к лету!» ЕЩЁ -20%,https://sokolov.ru/jewelry-catalog/product/121396-3/,9 000 руб. - 10 000 руб.
2024-06-05,Sokolov,1.14,13545.0,БК ПОДВЕС КУЛЬТ,11882.0,нет скидочного купона,https://sokolov.ru/jewelry-catalog/product/121396-3?reviews/,свыше 10 000 руб.
2024-06-05,Sokolov,3.8,31185.0,БК ПОДВЕС ДЕКОР,8207.0,Дополнительная скидка по акции «Готовимся к лету!» ЕЩЁ -10%,https://sokolov.ru/jewelry-catalog/product/121446/,8 000 руб. - 9 000 руб.
2024-06-05,Sokolov,3.8,34650.0,БК ПОДВЕС ДЕКОР,9118.0,нет скидочного купона,https://sokolov.ru/jewelry-catalog/product/121446?reviews/,9 000 руб. - 10 000 руб.
2024-06-05,Sokolov,3.72,30870.0,БК СЕРЬГИ,8298.0,нет скидочного купона,https://sokolov.ru/jewelry-catalog/product/140144/,8 000 руб. - 9 000 руб.
2024-06-05,Sokolov,3.72,30870.0,БК СЕРЬГИ,8298.0,нет скидочного купона,https://sokolov.ru/jewelry-catalog/product/140144?reviews/,8 000 руб. - 9 000 руб.
2024-06-05,Sokolov,1.63,14805.0,БК СЕРЬГИ,9083.0,нет скидочного купона,https://sokolov.ru/jewelry-catalog/product/140180/,9 000 руб. - 10 000 руб.
2024-06-05,Sokolov,1.63,14805.0,БК СЕРЬГИ,9083.0,нет скидочного купона,https://sokolov.ru/jewelry-catalog/product/140180?reviews/,9 000 руб. - 10 000 руб.
2024-06-05,Sokolov,2.5,23310.0,БК СЕРЬГИ,9324.0,нет скидочного купона,https://sokolov.ru/jewelry-catalog/product/140183/,9 000 руб. - 10 000 руб.
2024-06-05,Sokolov,2.5,23310.0,БК СЕРЬГИ,9324.0,нет скидочного купона,https://sokolov.ru/jewelry-catalog/product/140183?reviews/,9 000 руб. - 10 000 руб.
2024-06-05,Sokolov,1.88,19845.0,ЦБ ЦЕПИ,10556.0,нет скидочного купона,https://sokolov.ru/jewelry-catalog/product/2101025-2/,свыше 10 000 руб.
2024-06-05,Sokolov,1.88,19845.0,ЦБ ЦЕПИ,10556.0,нет скидочного купона,https://sokolov.ru/jewelry-catalog/product/2101025-2?reviews/,свыше 10 000 руб.
2024-06-05,Sokolov,2.68,22995.0,ЦБ ЦЕПИ,8580.0,нет скидочного купона,https://sokolov.ru/jewelry-catalog/product/2102030-2/,8 000 руб. - 9 000 руб.
2024-06-05,Sokolov,2.68,22995.0,ЦБ ЦЕПИ,8580.0,нет скидочного купона,https://sokolov.ru/jewelry-catalog/product/2102030-2?reviews/,8 000 руб. - 9 000 руб.
2024-06-05,Sokolov,3.07,24570.0,ЦБ ЦЕПИ,8003.0,нет скидочного купона,https://sokolov.ru/jewelry-catalog/product/2103040-3/,8 000 руб. - 9 000 руб.
2024-06-05,Sokolov,3.07,24570.0,ЦБ ЦЕПИ,8003.0,нет скидочного купона,https://sokolov.ru/jewelry-catalog/product/2103040-3?reviews/,8 000 руб. - 9 000 руб.
2024-06-05,Sokolov,2.93,22050.0,ЦБ ЦЕПИ,7526.0,нет скидочного купона,https://sokolov.ru/jewelry-catalog/product/2108020/,7 000 руб. - 8 000 руб.
2024-06-05,Sokolov,2.93,22050.0,ЦБ ЦЕПИ,7526.0,нет скидочного купона,https://sokolov.ru/jewelry-catalog/product/2108020?reviews/,7 000 руб. - 8 000 руб.
2024-06-05,Sokolov,2.81,25200.0,ЦБ ЦЕПИ,8968.0,нет скидочного купона,https://sokolov.ru/jewelry-catalog/product/2108020-3/,8 000 руб. - 9 000 руб.
2024-06-05,Sokolov,2.81,25200.0,ЦБ ЦЕПИ,8968.0,нет скидочного купона,https://sokolov.ru/jewelry-catalog/product/2108020-3?reviews/,8 000 руб. - 9 000 руб.
2024-06-05,Sokolov,3.63,34650.0,ЦБ ЦЕПИ,9545.0,нет скидочного купона,https://sokolov.ru/jewelry-catalog/product/2108025-2/,9 000 руб. - 10 000 руб.
2024-06-05,Sokolov,3.63,34650.0,ЦБ ЦЕПИ,9545.0,нет скидочного купона,https://sokolov.ru/jewelry-catalog/product/2108025-2?reviews/,9 000 руб. - 10 000 руб.
2024-06-05,Sokolov,3.27,27720.0,ЦБ ЦЕПИ,8477.0,нет скидочного купона,https://sokolov.ru/jewelry-catalog/product/2120030-2/,8 000 руб. - 9 000 руб.
2024-06-05,Sokolov,3.27,27720.0,ЦБ ЦЕПИ,8477.0,нет скидочного купона,https://sokolov.ru/jewelry-catalog/product/2120030-2?reviews/,8 000 руб. - 9 000 руб.
2024-06-05,Sokolov,2.05,20475.0,ЦБ ЦЕПИ,9988.0,нет скидочного купона,https://sokolov.ru/jewelry-catalog/product/2121030-3/,9 000 руб. - 10 000 руб.
2024-06-05,Sokolov,2.05,20475.0,ЦБ ЦЕПИ,9988.0,нет скидочного купона,https://sokolov.ru/jewelry-catalog/product/2121030-3?reviews/,9 000 руб. - 10 000 руб.
2024-06-05,Sokolov,1.65,15750.0,ЦБ БРАСЛЕТЫ,9545.0,нет скидочного купона,https://sokolov.ru/jewelry-catalog/product/2202040-3/,9 000 руб. - 10 000 руб.
2024-06-05,Sokolov,1.65,15750.0,ЦБ БРАСЛЕТЫ,9545.0,нет скидочного купона,https://sokolov.ru/jewelry-catalog/product/2202040-3?reviews/,9 000 руб. - 10 000 руб.
2024-06-05,Sokolov,3.15,29295.0,ЦБ БРАСЛЕТЫ,9300.0,нет скидочного купона,https://sokolov.ru/jewelry-catalog/product/2207045-3/,9 000 руб. - 10 000 руб.
2024-06-05,Sokolov,3.15,29295.0,ЦБ БРАСЛЕТЫ,9300.0,нет скидочного купона,https://sokolov.ru/jewelry-catalog/product/2207045-3?reviews/,9 000 руб. - 10 000 руб.
2024-06-05,Sokolov,3.8,34650.0,ЦБ ЦЕПИ,9118.0,нет скидочного купона,https://sokolov.ru/jewelry-catalog/product/2304060/,9 000 руб. - 10 000 руб.
2024-06-05,Sokolov,3.8,34650.0,ЦБ ЦЕПИ,9118.0,нет скидочного купона,https://sokolov.ru/jewelry-catalog/product/2304060?reviews/,9 000 руб. - 10 000 руб.
2024-06-05,Sokolov,2.37,22050.0,ЦБ ЦЕПИ,9304.0,нет скидочного купона,https://sokolov.ru/jewelry-catalog/product/2305040/,9 000 руб. - 10 000 руб.
2024-06-05,Sokolov,2.37,22050.0,ЦБ ЦЕПИ,9304.0,нет скидочного купона,https://sokolov.ru/jewelry-catalog/product/2305040?reviews/,9 000 руб. - 10 000 руб.
2024-06-05,Sokolov,4.0,42525.0,ЦБ ЦЕПИ,10631.0,нет скидочного купона,https://sokolov.ru/jewelry-catalog/product/2309050/,свыше 10 000 руб.
2024-06-05,Sokolov,4.0,42525.0,ЦБ ЦЕПИ,10631.0,нет скидочного купона,https://sokolov.ru/jewelry-catalog/product/2309050?reviews/,свыше 10 000 руб.
2024-06-05,Sokolov,5.99,51975.0,ЦБ ЦЕПИ,8677.0,нет скидочного купона,https://sokolov.ru/jewelry-catalog/product/2309060/,8 000 руб. - 9 000 руб.
2024-06-05,Sokolov,5.99,51975.0,ЦБ ЦЕПИ,8677.0,нет скидочного купона,https://sokolov.ru/jewelry-catalog/product/2309060?reviews/,8 000 руб. - 9 000 руб.
2024-06-05,Sokolov,2.43,20475.0,ЦБ ЦЕПИ,8426.0,нет скидочного купона,https://sokolov.ru/jewelry-catalog/product/2321050/,8 000 руб. - 9 000 руб.
2024-06-05,Sokolov,2.43,20475.0,ЦБ ЦЕПИ,8426.0,нет скидочного купона,https://sokolov.ru/jewelry-catalog/product/2321050?reviews/,8 000 руб. - 9 000 руб.
2024-06-05,Sokolov,3.18,31500.0,ЦБ БРАСЛЕТЫ,9906.0,нет скидочного купона,https://sokolov.ru/jewelry-catalog/product/551070452/,9 000 руб. - 10 000 руб.
2024-06-05,Sokolov,3.18,31500.0,ЦБ БРАСЛЕТЫ,9906.0,нет скидочного купона,https://sokolov.ru/jewelry-catalog/product/551070452?reviews/,9 000 руб. - 10 000 руб.
2024-06-05,Sokolov,3.45,33075.0,ЦБ БРАСЛЕТЫ,9587.0,нет скидочного купона,https://sokolov.ru/jewelry-catalog/product/551070502-2/,9 000 руб. - 10 000 руб.
2024-06-05,Sokolov,3.45,33075.0,ЦБ БРАСЛЕТЫ,9587.0,нет скидочного купона,https://sokolov.ru/jewelry-catalog/product/551070502-2?reviews/,9 000 руб. - 10 000 руб.
2024-06-05,Sokolov,2.75,26145.0,ЦБ БРАСЛЕТЫ,9507.0,нет скидочного купона,https://sokolov.ru/jewelry-catalog/product/551100402/,9 000 руб. - 10 000 руб.
2024-06-05,Sokolov,2.75,26145.0,ЦБ БРАСЛЕТЫ,9507.0,нет скидочного купона,https://sokolov.ru/jewelry-catalog/product/551100402?reviews/,9 000 руб. - 10 000 руб.
2024-06-05,Sokolov,3.81,33075.0,ЦБ БРАСЛЕТЫ,8681.0,нет скидочного купона,https://sokolov.ru/jewelry-catalog/product/552020802/,8 000 руб. - 9 000 руб.
2024-06-05,Sokolov,3.81,33075.0,ЦБ БРАСЛЕТЫ,8681.0,нет скидочного купона,https://sokolov.ru/jewelry-catalog/product/552020802?reviews/,8 000 руб. - 9 000 руб.
2024-06-05,Sokolov,1.17,7560.0,ЦБ БРАСЛЕТЫ,6462.0,нет скидочного купона,https://sokolov.ru/jewelry-catalog/product/552060402/,6 000 руб. - 6 500 руб.
2024-06-05,Sokolov,1.17,7560.0,ЦБ БРАСЛЕТЫ,6462.0,нет скидочного купона,https://sokolov.ru/jewelry-catalog/product/552060402?reviews/,6 000 руб. - 6 500 руб.
2024-06-05,Sokolov,18.45,130725.0,ЦБ ЦЕПИ,7085.0,нет скидочного купона,https://sokolov.ru/jewelry-catalog/product/581010806/,7 000 руб. - 8 000 руб.
2024-06-05,Sokolov,18.45,130725.0,ЦБ ЦЕПИ,7085.0,нет скидочного купона,https://sokolov.ru/jewelry-catalog/product/581010806?reviews/,7 000 руб. - 8 000 руб.
2024-06-05,Sokolov,1.91,18270.0,ЦБ ЦЕПИ,9565.0,нет скидочного купона,https://sokolov.ru/jewelry-catalog/product/581030300-2/,9 000 руб. - 10 000 руб.
2024-06-05,Sokolov,1.91,18270.0,ЦБ ЦЕПИ,9565.0,нет скидочного купона,https://sokolov.ru/jewelry-catalog/product/581030300-2?reviews/,9 000 руб. - 10 000 руб.
2024-06-05,Sokolov,1.75,18900.0,ЦБ ЦЕПИ,10800.0,нет скидочного купона,https://sokolov.ru/jewelry-catalog/product/581030304-2/,свыше 10 000 руб.
2024-06-05,Sokolov,1.75,18900.0,ЦБ ЦЕПИ,10800.0,нет скидочного купона,https://sokolov.ru/jewelry-catalog/product/581030304-2?reviews/,свыше 10 000 руб.
2024-06-05,Sokolov,7.56,58800.0,ЦБ ЦЕПИ,7778.0,нет скидочного купона,https://sokolov.ru/jewelry-catalog/product/581050502/,7 000 руб. - 8 000 руб.
2024-06-05,Sokolov,7.56,58800.0,ЦБ ЦЕПИ,7778.0,нет скидочного купона,https://sokolov.ru/jewelry-catalog/product/581050502?reviews/,7 000 руб. - 8 000 руб.
2024-06-05,Sokolov,4.08,34020.0,ЦБ ЦЕПИ,8338.0,нет скидочного купона,https://sokolov.ru/jewelry-catalog/product/581060352/,8 000 руб. - 9 000 руб.
2024-06-05,Sokolov,4.08,34020.0,ЦБ ЦЕПИ,8338.0,нет скидочного купона,https://sokolov.ru/jewelry-catalog/product/581060352?reviews/,8 000 руб. - 9 000 руб.
2024-06-05,Sokolov,18.04,141750.0,ЦБ ЦЕПИ,7858.0,нет скидочного купона,https://sokolov.ru/jewelry-catalog/product/581070702-3/,7 000 руб. - 8 000 руб.
2024-06-05,Sokolov,18.04,141750.0,ЦБ ЦЕПИ,7858.0,нет скидочного купона,https://sokolov.ru/jewelry-catalog/product/581070702-3?reviews/,7 000 руб. - 8 000 руб.
2024-06-05,Sokolov,3.89,33075.0,ЦБ ЦЕПИ,8503.0,нет скидочного купона,https://sokolov.ru/jewelry-catalog/product/581080308-2/,8 000 руб. - 9 000 руб.
2024-06-05,Sokolov,3.89,33075.0,ЦБ ЦЕПИ,8503.0,нет скидочного купона,https://sokolov.ru/jewelry-catalog/product/581080308-2?reviews/,8 000 руб. - 9 000 руб.
2024-06-05,Sokolov,5.76,51450.0,ЦБ ЦЕПИ,8932.0,нет скидочного купона,https://sokolov.ru/jewelry-catalog/product/582060602/,8 000 руб. - 9 000 руб.
2024-06-05,Sokolov,5.76,51450.0,ЦБ ЦЕПИ,8932.0,нет скидочного купона,https://sokolov.ru/jewelry-catalog/product/582060602?reviews/,8 000 руб. - 9 000 руб.
2024-06-05,Sokolov,0.46,4391.1,БК КОЛЬЦА,9546.0,Дополнительная скидка по акции «Готовимся к лету!» ЕЩЁ -10%,https://sokolov.ru/jewelry-catalog/product/018897/,9 000 руб. - 10 000 руб.
2024-06-05,Sokolov,0.46,4879.0,БК КОЛЬЦА,10607.0,нет скидочного купона,https://sokolov.ru/jewelry-catalog/product/018897?reviews/,свыше 10 000 руб.
2024-06-05,Sokolov,1.59,12190.5,БК КОЛЬЦА,7667.0,Дополнительная скидка по акции «Готовимся к лету!» ЕЩЁ -10%,https://sokolov.ru/jewelry-catalog/product/019196/,7 000 руб. - 8 000 руб.
2024-06-05,Sokolov,1.59,13545.0,БК КОЛЬЦА,8519.0,нет скидочного купона,https://sokolov.ru/jewelry-catalog/product/019196?reviews/,8 000 руб. - 9 000 руб.
2024-06-05,Sokolov,1.04,8505.0,БК КОЛЬЦА,8178.0,Дополнительная скидка по акции «Готовимся к лету!» ЕЩЁ -10%,https://sokolov.ru/jewelry-catalog/product/019238/,8 000 руб. - 9 000 руб.
2024-06-05,Sokolov,1.04,9450.0,БК КОЛЬЦА,9087.0,нет скидочного купона,https://sokolov.ru/jewelry-catalog/product/019238?reviews/,9 000 руб. - 10 000 руб.
2024-06-05,Sokolov,1.03,8505.0,БК КОЛЬЦА,8257.0,Дополнительная скидка по акции «Готовимся к лету!» ЕЩЁ -10%,https://sokolov.ru/jewelry-catalog/product/019275/,8 000 руб. - 9 000 руб.
2024-06-05,Sokolov,1.03,9450.0,БК КОЛЬЦА,9175.0,нет скидочного купона,https://sokolov.ru/jewelry-catalog/product/019275?reviews/,9 000 руб. - 10 000 руб.
2024-06-05,Sokolov,0.63,6520.5,БК КОЛЬЦА,10350.0,Дополнительная скидка по акции «Готовимся к лету!» ЕЩЁ -10%,https://sokolov.ru/jewelry-catalog/product/019282/,свыше 10 000 руб.
2024-06-05,Sokolov,0.63,7245.0,БК КОЛЬЦА,11500.0,нет скидочного купона,https://sokolov.ru/jewelry-catalog/product/019282?reviews/,свыше 10 000 руб.
2024-06-05,Sokolov,2.54,22680.0,БК КОЛЬЦА,8929.0,Дополнительная скидка по акции «Готовимся к лету!» ЕЩЁ -10%,https://sokolov.ru/jewelry-catalog/product/019361/,8 000 руб. - 9 000 руб.
2024-06-05,Sokolov,2.54,25200.0,БК КОЛЬЦА,9921.0,нет скидочного купона,https://sokolov.ru/jewelry-catalog/product/019361?reviews/,9 000 руб. - 10 000 руб.
2024-06-05,Sokolov,1.6,15120.0,БК КОЛЬЦА,9450.0,нет скидочного купона,https://sokolov.ru/jewelry-catalog/product/019370/,9 000 руб. - 10 000 руб.
2024-06-05,Sokolov,1.6,15120.0,БК КОЛЬЦА,9450.0,нет скидочного купона,https://sokolov.ru/jewelry-catalog/product/019370?reviews/,9 000 руб. - 10 000 руб.
2024-06-05,Sokolov,1.55,16695.0,БК КОЛЬЦА,10771.0,нет скидочного купона,https://sokolov.ru/jewelry-catalog/product/019466/,свыше 10 000 руб.
2024-06-05,Sokolov,1.55,16695.0,БК КОЛЬЦА,10771.0,нет скидочного купона,https://sokolov.ru/jewelry-catalog/product/019466?reviews/,свыше 10 000 руб.
2024-06-05,Sokolov,0.72,6804.0,БК СЕРЬГИ,9450.0,Дополнительная скидка по акции «Готовимся к лету!» ЕЩЁ -10%,https://sokolov.ru/jewelry-catalog/product/0200044/,9 000 руб. - 10 000 руб.
2024-06-05,Sokolov,0.72,7560.0,БК СЕРЬГИ,10500.0,нет скидочного купона,https://sokolov.ru/jewelry-catalog/product/0200044?reviews/,свыше 10 000 руб.
2024-06-05,Sokolov,1.19,10206.0,БК СЕРЬГИ,8576.0,Дополнительная скидка по акции «Готовимся к лету!» ЕЩЁ -10%,https://sokolov.ru/jewelry-catalog/product/0200055/,8 000 руб. - 9 000 руб.
2024-06-05,Sokolov,1.19,11340.0,БК СЕРЬГИ,9529.0,нет скидочного купона,https://sokolov.ru/jewelry-catalog/product/0200055?reviews/,9 000 руб. - 10 000 руб.
2024-06-05,Sokolov,1.06,9072.0,БК СЕРЬГИ,8558.0,Дополнительная скидка по акции «Готовимся к лету!» ЕЩЁ -20%,https://sokolov.ru/jewelry-catalog/product/0200214/,8 000 руб. - 9 000 руб.
2024-06-05,Sokolov,1.06,11340.0,БК СЕРЬГИ,10698.0,нет скидочного купона,https://sokolov.ru/jewelry-catalog/product/0200214?reviews/,свыше 10 000 руб.
2024-06-05,Sokolov,1.43,13230.0,БК СЕРЬГИ,9252.0,нет скидочного купона,https://sokolov.ru/jewelry-catalog/product/0200234/,9 000 руб. - 10 000 руб.
2024-06-05,Sokolov,1.43,13230.0,БК СЕРЬГИ,9252.0,нет скидочного купона,https://sokolov.ru/jewelry-catalog/product/0200234?reviews/,9 000 руб. - 10 000 руб.
2024-06-05,Sokolov,2.41,23940.0,БК СЕРЬГИ,9934.0,нет скидочного купона,https://sokolov.ru/jewelry-catalog/product/0200281/,9 000 руб. - 10 000 руб.
2024-06-05,Sokolov,2.41,23940.0,БК СЕРЬГИ,9934.0,нет скидочного купона,https://sokolov.ru/jewelry-catalog/product/0200281?reviews/,9 000 руб. - 10 000 руб.
2024-06-05,Sokolov,1.06,10080.0,БК СЕРЬГИ,9509.0,нет скидочного купона,https://sokolov.ru/jewelry-catalog/product/0200329/,9 000 руб. - 10 000 руб.
2024-06-05,Sokolov,1.06,10080.0,БК СЕРЬГИ,9509.0,нет скидочного купона,https://sokolov.ru/jewelry-catalog/product/0200329?reviews/,9 000 руб. - 10 000 руб.
2024-06-05,Sokolov,1.11,11907.0,БК СЕРЬГИ,10727.0,Дополнительная скидка по акции «Готовимся к лету!» ЕЩЁ -10%,https://sokolov.ru/jewelry-catalog/product/0200347/,свыше 10 000 руб.
2024-06-05,Sokolov,1.11,13230.0,БК СЕРЬГИ,11919.0,нет скидочного купона,https://sokolov.ru/jewelry-catalog/product/0200347?reviews/,свыше 10 000 руб.
2024-06-05,Sokolov,0.74,9355.5,БК СЕРЬГИ,12643.0,Дополнительная скидка по акции «Готовимся к лету!» ЕЩЁ -10%,https://sokolov.ru/jewelry-catalog/product/0200383/,свыше 10 000 руб.
2024-06-05,Sokolov,0.74,10395.0,БК СЕРЬГИ,14047.0,нет скидочного купона,https://sokolov.ru/jewelry-catalog/product/0200383?reviews/,свыше 10 000 руб.
2024-06-05,Sokolov,2.8,25515.0,БК СЕРЬГИ,9112.0,Дополнительная скидка по акции «Готовимся к лету!» ЕЩЁ -10%,https://sokolov.ru/jewelry-catalog/product/029886/,9 000 руб. - 10 000 руб.
2024-06-05,Sokolov,2.8,28350.0,БК СЕРЬГИ,10125.0,нет скидочного купона,https://sokolov.ru/jewelry-catalog/product/029886?reviews/,свыше 10 000 руб.
2024-06-05,Sokolov,1.7,17577.0,БК СЕРЬГИ,10339.0,Дополнительная скидка по акции «Готовимся к лету!» ЕЩЁ -10%,https://sokolov.ru/jewelry-catalog/product/029896/,свыше 10 000 руб.
2024-06-05,Sokolov,1.7,19530.0,БК СЕРЬГИ,11488.0,нет скидочного купона,https://sokolov.ru/jewelry-catalog/product/029896?reviews/,свыше 10 000 руб.
2024-06-05,Sokolov,0.52,5355.0,БК ПОДВЕС ДЕКОР,10298.0,нет скидочного купона,https://sokolov.ru/jewelry-catalog/product/035034/,свыше 10 000 руб.
2024-06-05,Sokolov,0.52,5355.0,БК ПОДВЕС ДЕКОР,10298.0,нет скидочного купона,https://sokolov.ru/jewelry-catalog/product/035034?reviews/,свыше 10 000 руб.
2024-06-05,Sokolov,0.55,5386.5,БК ПОДВЕС ДЕКОР,9794.0,Дополнительная скидка по акции «Готовимся к лету!» ЕЩЁ -10%,https://sokolov.ru/jewelry-catalog/product/036290/,9 000 руб. - 10 000 руб.
2024-06-05,Sokolov,0.55,5985.0,БК ПОДВЕС ДЕКОР,10882.0,нет скидочного купона,https://sokolov.ru/jewelry-catalog/product/036290?reviews/,свыше 10 000 руб.
2024-06-05,Sokolov,0.49,5040.0,БК ПОДВЕС ДЕКОР,10286.0,нет скидочного купона,https://sokolov.ru/jewelry-catalog/product/036291/,свыше 10 000 руб.
2024-06-05,Sokolov,0.49,5040.0,БК ПОДВЕС ДЕКОР,10286.0,нет скидочного купона,https://sokolov.ru/jewelry-catalog/product/036291?reviews/,свыше 10 000 руб.
2024-06-05,Sokolov,0.86,7654.5,БК ПОДВЕС ДЕКОР,8901.0,Дополнительная скидка по акции «Готовимся к лету!» ЕЩЁ -10%,https://sokolov.ru/jewelry-catalog/product/036567/,8 000 руб. - 9 000 руб.
2024-06-05,Sokolov,0.86,8505.0,БК ПОДВЕС ДЕКОР,9890.0,нет скидочного купона,https://sokolov.ru/jewelry-catalog/product/036567?reviews/,9 000 руб. - 10 000 руб.
2024-06-05,Sokolov,0.74,8505.0,БК ПОДВЕС ДЕКОР,11493.0,Дополнительная скидка по акции «Готовимся к лету!» ЕЩЁ -10%,https://sokolov.ru/jewelry-catalog/product/036584/,свыше 10 000 руб.
2024-06-05,Sokolov,0.74,9450.0,БК ПОДВЕС ДЕКОР,12770.0,нет скидочного купона,https://sokolov.ru/jewelry-catalog/product/036584?reviews/,свыше 10 000 руб.
2024-06-05,Sokolov,0.39,3399.2,ЦБ БРАСЛЕТЫ,8716.0,Дополнительная скидка по акции «Готовимся к лету!» ЕЩЁ -20%,https://sokolov.ru/jewelry-catalog/product/051358/,8 000 руб. - 9 000 руб.
2024-06-05,Sokolov,0.39,4249.0,ЦБ БРАСЛЕТЫ,10895.0,нет скидочного купона,https://sokolov.ru/jewelry-catalog/product/051358?reviews/,свыше 10 000 руб.
2024-06-05,Sokolov,6.27,49612.5,ЦБ БРАСЛЕТЫ,7913.0,Дополнительная скидка по акции «Готовимся к лету!» ЕЩЁ -10%,https://sokolov.ru/jewelry-catalog/product/051436/,7 000 руб. - 8 000 руб.
2024-06-05,Sokolov,6.27,55125.0,ЦБ БРАСЛЕТЫ,8792.0,нет скидочного купона,https://sokolov.ru/jewelry-catalog/product/051436?reviews/,8 000 руб. - 9 000 руб.
2024-06-05,Sokolov,2.5,22680.0,ЦБ БРАСЛЕТЫ,9072.0,Дополнительная скидка по акции «Готовимся к лету!» ЕЩЁ -10%,https://sokolov.ru/jewelry-catalog/product/051439/,9 000 руб. - 10 000 руб.
2024-06-05,Sokolov,2.5,25200.0,ЦБ БРАСЛЕТЫ,10080.0,нет скидочного купона,https://sokolov.ru/jewelry-catalog/product/051439?reviews/,свыше 10 000 руб.
2024-06-05,Sokolov,2.58,22176.0,ЦБ БРАСЛЕТЫ,8595.0,Дополнительная скидка по акции «Готовимся к лету!» ЕЩЁ -20%,https://sokolov.ru/jewelry-catalog/product/051459/,8 000 руб. - 9 000 руб.
2024-06-05,Sokolov,2.58,27720.0,ЦБ БРАСЛЕТЫ,10744.0,нет скидочного купона,https://sokolov.ru/jewelry-catalog/product/051459?reviews/,свыше 10 000 руб.
2024-06-05,Sokolov,0.97,11025.0,ЦБ БРАСЛЕТЫ,11366.0,нет скидочного купона,https://sokolov.ru/jewelry-catalog/product/051494/,свыше 10 000 руб.
2024-06-05,Sokolov,0.55,5670.0,БК ПОДВЕС КУЛЬТ,10309.0,Дополнительная скидка по акции «Готовимся к лету!» ЕЩЁ -10%,https://sokolov.ru/jewelry-catalog/product/104002/,свыше 10 000 руб.
2024-06-05,Sokolov,1.4,12190.5,БК ПОДВЕС КУЛЬТ,8708.0,Дополнительная скидка по акции «Готовимся к лету!» ЕЩЁ -10%,https://sokolov.ru/jewelry-catalog/product/121487/,8 000 руб. - 9 000 руб.
2024-06-05,Sokolov,1.65,16380.0,БК СЕРЬГИ,9927.0,нет скидочного купона,https://sokolov.ru/jewelry-catalog/product/140219/,9 000 руб. - 10 000 руб.
2024-06-05,Sokolov,0.79,7087.5,БК СЕРЬГИ,8972.0,Дополнительная скидка по акции «Готовимся к лету!» ЕЩЁ -10%,https://sokolov.ru/jewelry-catalog/product/170041/,8 000 руб. - 9 000 руб.
2024-06-05,Sokolov,0.73,6237.0,БК СЕРЬГИ,8544.0,Дополнительная скидка по акции «Готовимся к лету!» ЕЩЁ -10%,https://sokolov.ru/jewelry-catalog/product/170042/,8 000 руб. - 9 000 руб.
2024-06-05,Sokolov,0.44,4879.0,БК СЕРЬГИ,11089.0,нет скидочного купона,https://sokolov.ru/jewelry-catalog/product/170048/,свыше 10 000 руб.
2024-06-05,Sokolov,1.33,11970.0,БК КОЛЬЦА,9000.0,нет скидочного купона,https://sokolov.ru/jewelry-catalog/product/019182/,8 000 руб. - 9 000 руб.
2024-06-05,Sokolov,1.33,10773.0,БК КОЛЬЦА,8100.0,Дополнительная скидка по акции «Готовимся к лету!» ЕЩЁ -10%,https://sokolov.ru/jewelry-catalog/product/019188/,8 000 руб. - 9 000 руб.
2024-06-05,Sokolov,1.34,11970.0,БК КОЛЬЦА,8933.0,нет скидочного купона,https://sokolov.ru/jewelry-catalog/product/019262/,8 000 руб. - 9 000 руб.
2024-06-05,Sokolov,0.83,7308.0,БК КОЛЬЦА,8805.0,Дополнительная скидка по акции «Готовимся к лету!» ЕЩЁ -20%,https://sokolov.ru/jewelry-catalog/product/019276/,8 000 руб. - 9 000 руб.
2024-06-05,Sokolov,1.02,8820.0,БК КОЛЬЦА,8647.0,Дополнительная скидка по акции «Готовимся к лету!» ЕЩЁ -20%,https://sokolov.ru/jewelry-catalog/product/019293/,8 000 руб. - 9 000 руб.
2024-06-05,Sokolov,1.11,8505.0,БК КОЛЬЦА,7662.0,нет скидочного купона,https://sokolov.ru/jewelry-catalog/product/019297/,7 000 руб. - 8 000 руб.
2024-06-05,Sokolov,3.03,24948.0,БК КОЛЬЦА,8234.0,Дополнительная скидка по акции «Готовимся к лету!» ЕЩЁ -10%,https://sokolov.ru/jewelry-catalog/product/019318/,8 000 руб. - 9 000 руб.
2024-06-05,Sokolov,2.31,17860.5,БК КОЛЬЦА,7732.0,Дополнительная скидка по акции «Готовимся к лету!» ЕЩЁ -10%,https://sokolov.ru/jewelry-catalog/product/019403/,7 000 руб. - 8 000 руб.
2024-06-05,Sokolov,2.88,24097.5,БК КОЛЬЦА,8367.0,Дополнительная скидка по акции «Готовимся к лету!» ЕЩЁ -10%,https://sokolov.ru/jewelry-catalog/product/019437/,8 000 руб. - 9 000 руб.
2024-06-05,Sokolov,3.34,31185.0,БК КОЛЬЦА,9337.0,Дополнительная скидка по акции «Готовимся к лету!» ЕЩЁ -10%,https://sokolov.ru/jewelry-catalog/product/019444/,9 000 руб. - 10 000 руб.
2024-06-05,Sokolov,4.0,28350.0,БК КОЛЬЦА,7088.0,нет скидочного купона,https://sokolov.ru/jewelry-catalog/product/019468/,7 000 руб. - 8 000 руб.
2024-06-05,Sokolov,1.46,12600.0,БК КОЛЬЦА,8630.0,Дополнительная скидка по акции «Готовимся к лету!» ЕЩЁ -20%,https://sokolov.ru/jewelry-catalog/product/019474/,8 000 руб. - 9 000 руб.
2024-06-05,Sokolov,3.74,37705.5,БК КОЛЬЦА,10082.0,Дополнительная скидка по акции «Готовимся к лету!» ЕЩЁ -10%,https://sokolov.ru/jewelry-catalog/product/019478/,свыше 10 000 руб.
2024-06-05,Sokolov,2.57,20916.0,БК КОЛЬЦА,8139.0,Дополнительная скидка по акции «Готовимся к лету!» ЕЩЁ -20%,https://sokolov.ru/jewelry-catalog/product/019500/,8 000 руб. - 9 000 руб.
2024-06-05,Sokolov,1.14,9639.0,БК СЕРЬГИ,8455.0,Дополнительная скидка по акции «Готовимся к лету!» ЕЩЁ -10%,https://sokolov.ru/jewelry-catalog/product/0200049/,8 000 руб. - 9 000 руб.
2024-06-05,Sokolov,2.69,24948.0,БК СЕРЬГИ,9274.0,Дополнительная скидка по акции «Готовимся к лету!» ЕЩЁ -10%,https://sokolov.ru/jewelry-catalog/product/0200060/,9 000 руб. - 10 000 руб.
2024-06-05,Sokolov,0.86,7560.0,БК СЕРЬГИ,8791.0,Дополнительная скидка по акции «Готовимся к лету!» ЕЩЁ -20%,https://sokolov.ru/jewelry-catalog/product/0200110/,8 000 руб. - 9 000 руб.
2024-06-05,Sokolov,1.86,13545.0,БК СЕРЬГИ,7282.0,нет скидочного купона,https://sokolov.ru/jewelry-catalog/product/0200156/,7 000 руб. - 8 000 руб.
2024-06-05,Sokolov,2.49,21546.0,БК СЕРЬГИ,8653.0,Дополнительная скидка по акции «Готовимся к лету!» ЕЩЁ -10%,https://sokolov.ru/jewelry-catalog/product/0200222/,8 000 руб. - 9 000 руб.
2024-06-05,Sokolov,1.56,14742.0,БК СЕРЬГИ,9450.0,Дополнительная скидка по акции «Готовимся к лету!» ЕЩЁ -10%,https://sokolov.ru/jewelry-catalog/product/0200233/,9 000 руб. - 10 000 руб.
2024-06-05,Sokolov,4.28,37800.0,БК СЕРЬГИ,8832.0,нет скидочного купона,https://sokolov.ru/jewelry-catalog/product/0200254/,8 000 руб. - 9 000 руб.
2024-06-05,Sokolov,2.42,22680.0,БК СЕРЬГИ,9372.0,Дополнительная скидка по акции «Готовимся к лету!» ЕЩЁ -10%,https://sokolov.ru/jewelry-catalog/product/0200257/,9 000 руб. - 10 000 руб.
2024-06-05,Sokolov,1.96,15309.0,БК СЕРЬГИ,7811.0,Дополнительная скидка по акции «Готовимся к лету!» ЕЩЁ -10%,https://sokolov.ru/jewelry-catalog/product/0200258/,7 000 руб. - 8 000 руб.
2024-06-05,Sokolov,2.9,28350.0,БК СЕРЬГИ,9776.0,нет скидочного купона,https://sokolov.ru/jewelry-catalog/product/0200293/,9 000 руб. - 10 000 руб.
2024-06-05,Sokolov,2.1,17136.0,БК СЕРЬГИ,8160.0,Дополнительная скидка по акции «Готовимся к лету!» ЕЩЁ -20%,https://sokolov.ru/jewelry-catalog/product/0200295/,8 000 руб. - 9 000 руб.
2024-06-05,Sokolov,2.99,27783.0,БК СЕРЬГИ,9292.0,Дополнительная скидка по акции «Готовимся к лету!» ЕЩЁ -10%,https://sokolov.ru/jewelry-catalog/product/0200328/,9 000 руб. - 10 000 руб.
2024-06-05,Sokolov,1.09,12190.5,БК СЕРЬГИ,11184.0,Дополнительная скидка по акции «Готовимся к лету!» ЕЩЁ -10%,https://sokolov.ru/jewelry-catalog/product/0200348/,свыше 10 000 руб.
2024-06-05,Sokolov,1.54,13608.0,БК СЕРЬГИ,8836.0,Дополнительная скидка по акции «Готовимся к лету!» ЕЩЁ -10%,https://sokolov.ru/jewelry-catalog/product/0200354/,8 000 руб. - 9 000 руб.
2024-06-05,Sokolov,2.07,17136.0,БК СЕРЬГИ,8278.0,Дополнительная скидка по акции «Готовимся к лету!» ЕЩЁ -20%,https://sokolov.ru/jewelry-catalog/product/0200369/,8 000 руб. - 9 000 руб.
2024-06-05,Sokolov,3.6,40950.0,БК СЕРЬГИ,11375.0,нет скидочного купона,https://sokolov.ru/jewelry-catalog/product/0200391/,свыше 10 000 руб.
2024-06-05,Sokolov,1.41,14616.0,БК СЕРЬГИ,10366.0,Дополнительная скидка по акции «Готовимся к лету!» ЕЩЁ -20%,https://sokolov.ru/jewelry-catalog/product/0200404/,свыше 10 000 руб.
2024-06-05,Sokolov,1.09,9576.0,БК СЕРЬГИ,8785.0,Дополнительная скидка по акции «Готовимся к лету!» ЕЩЁ -20%,https://sokolov.ru/jewelry-catalog/product/0200417/,8 000 руб. - 9 000 руб.
2024-06-05,Sokolov,3.26,28980.0,БК СЕРЬГИ,8890.0,Дополнительная скидка по акции «Готовимся к лету!» ЕЩЁ -20%,https://sokolov.ru/jewelry-catalog/product/0200435/,8 000 руб. - 9 000 руб.
2024-06-05,Sokolov,2.9,22680.0,БК СЕРЬГИ,7821.0,нет скидочного купона,https://sokolov.ru/jewelry-catalog/product/028903/,7 000 руб. - 8 000 руб.
2024-06-05,Sokolov,3.55,32602.5,БК СЕРЬГИ,9184.0,Дополнительная скидка по акции «Готовимся к лету!» ЕЩЁ -10%,https://sokolov.ru/jewelry-catalog/product/029870/,9 000 руб. - 10 000 руб.
2024-06-05,Sokolov,3.08,25830.0,БК СЕРЬГИ,8386.0,нет скидочного купона,https://sokolov.ru/jewelry-catalog/product/029911/,8 000 руб. - 9 000 руб.
2024-06-05,Sokolov,0.53,5953.5,БК ПОДВЕС ДЕКОР,11233.0,Дополнительная скидка по акции «Готовимся к лету!» ЕЩЁ -10%,https://sokolov.ru/jewelry-catalog/product/036572/,свыше 10 000 руб.
2024-06-05,Sokolov,0.83,8505.0,БК ПОДВЕС ДЕКОР,10247.0,Дополнительная скидка по акции «Готовимся к лету!» ЕЩЁ -10%,https://sokolov.ru/jewelry-catalog/product/036656/,свыше 10 000 руб.
2024-06-05,Sokolov,2.6,23436.0,ЦБ БРАСЛЕТЫ,9014.0,Дополнительная скидка по акции «Готовимся к лету!» ЕЩЁ -20%,https://sokolov.ru/jewelry-catalog/product/051391/,9 000 руб. - 10 000 руб.
2024-06-05,Sokolov,2.24,19656.0,ЦБ БРАСЛЕТЫ,8775.0,Дополнительная скидка по акции «Готовимся к лету!» ЕЩЁ -20%,https://sokolov.ru/jewelry-catalog/product/051393/,8 000 руб. - 9 000 руб.
2024-06-05,Sokolov,2.05,19845.0,ЦБ БРАСЛЕТЫ,9680.0,Дополнительная скидка по акции «Готовимся к лету!» ЕЩЁ -10%,https://sokolov.ru/jewelry-catalog/product/051396/,9 000 руб. - 10 000 руб.
2024-06-05,Sokolov,4.9,48825.0,ЦБ БРАСЛЕТЫ,9964.0,нет скидочного купона,https://sokolov.ru/jewelry-catalog/product/051434/,9 000 руб. - 10 000 руб.
2024-06-05,Sokolov,5.94,45360.0,ЦБ БРАСЛЕТЫ,7636.0,Дополнительная скидка по акции «Готовимся к лету!» ЕЩЁ -10%,https://sokolov.ru/jewelry-catalog/product/051452/,7 000 руб. - 8 000 руб.
2024-06-05,Sokolov,7.84,72450.0,ЦБ БРАСЛЕТЫ,9241.0,нет скидочного купона,https://sokolov.ru/jewelry-catalog/product/051457/,9 000 руб. - 10 000 руб.
2024-06-05,Sokolov,5.43,48195.0,ЦБ БРАСЛЕТЫ,8876.0,Дополнительная скидка по акции «Готовимся к лету!» ЕЩЁ -10%,https://sokolov.ru/jewelry-catalog/product/051461/,8 000 руб. - 9 000 руб.
2024-06-05,Sokolov,3.72,35437.5,ЦБ БРАСЛЕТЫ,9526.0,Дополнительная скидка по акции «Готовимся к лету!» ЕЩЁ -10%,https://sokolov.ru/jewelry-catalog/product/051464/,9 000 руб. - 10 000 руб.
2024-06-05,Sokolov,1.94,17860.5,ЦБ БРАСЛЕТЫ,9206.0,Дополнительная скидка по акции «Готовимся к лету!» ЕЩЁ -10%,https://sokolov.ru/jewelry-catalog/product/051474/,9 000 руб. - 10 000 руб.
2024-06-05,Sokolov,1.16,11970.0,ЦБ БРАСЛЕТЫ,10319.0,нет скидочного купона,https://sokolov.ru/jewelry-catalog/product/051488/,свыше 10 000 руб.
2024-06-05,Sokolov,3.9,32602.5,БК ПОДВЕС ДЕКОР,8360.0,Дополнительная скидка по акции «Готовимся к лету!» ЕЩЁ -10%,https://sokolov.ru/jewelry-catalog/product/121489/,8 000 руб. - 9 000 руб.
2024-06-05,Sokolov,0.42,4249.0,БК ПОДВЕС ДЕКОР,10117.0,нет скидочного купона,https://sokolov.ru/jewelry-catalog/product/121495/,свыше 10 000 руб.
2024-06-05,Sokolov,3.0,26460.0,БК СЕРЬГИ,8820.0,Дополнительная скидка по акции «Готовимся к лету!» ЕЩЁ -20%,https://sokolov.ru/jewelry-catalog/product/140220/,8 000 руб. - 9 000 руб.
2024-06-05,Sokolov,2.9,21262.5,БК КОЛЬЦА,7332.0,Дополнительная скидка по акции «Готовимся к лету!» ЕЩЁ -10%,https://sokolov.ru/jewelry-catalog/product/018659/,7 000 руб. - 8 000 руб.
2024-06-05,Sokolov,1.64,13608.0,БК КОЛЬЦА,8298.0,Дополнительная скидка по акции «Готовимся к лету!» ЕЩЁ -10%,https://sokolov.ru/jewelry-catalog/product/019308/,8 000 руб. - 9 000 руб.
2024-06-05,Sokolov,2.83,23436.0,БК КОЛЬЦА,8281.0,Дополнительная скидка по акции «Готовимся к лету!» ЕЩЁ -20%,https://sokolov.ru/jewelry-catalog/product/019418/,8 000 руб. - 9 000 руб.
2024-06-05,Sokolov,0.71,6237.0,БК СЕРЬГИ,8785.0,Дополнительная скидка по акции «Готовимся к лету!» ЕЩЁ -10%,https://sokolov.ru/jewelry-catalog/product/0200050/,8 000 руб. - 9 000 руб.
2024-06-05,Sokolov,2.48,22680.0,БК СЕРЬГИ,9145.0,Дополнительная скидка по акции «Готовимся к лету!» ЕЩЁ -10%,https://sokolov.ru/jewelry-catalog/product/0200054/,9 000 руб. - 10 000 руб.
2024-06-05,Sokolov,2.67,22050.0,БК СЕРЬГИ,8258.0,нет скидочного купона,https://sokolov.ru/jewelry-catalog/product/0200099/,8 000 руб. - 9 000 руб.
2024-06-05,Sokolov,0.84,7245.0,БК СЕРЬГИ,8625.0,нет скидочного купона,https://sokolov.ru/jewelry-catalog/product/0200123/,8 000 руб. - 9 000 руб.
2024-06-05,Sokolov,2.17,16443.0,БК СЕРЬГИ,7577.0,Дополнительная скидка по акции «Готовимся к лету!» ЕЩЁ -10%,https://sokolov.ru/jewelry-catalog/product/0200158/,7 000 руб. - 8 000 руб.
2024-06-05,Sokolov,2.38,21420.0,БК СЕРЬГИ,9000.0,нет скидочного купона,https://sokolov.ru/jewelry-catalog/product/0200238/,8 000 руб. - 9 000 руб.
2024-06-05,Sokolov,1.21,10773.0,БК СЕРЬГИ,8903.0,Дополнительная скидка по акции «Готовимся к лету!» ЕЩЁ -10%,https://sokolov.ru/jewelry-catalog/product/0200272/,8 000 руб. - 9 000 руб.
2024-06-05,Sokolov,2.16,21420.0,БК СЕРЬГИ,9917.0,нет скидочного купона,https://sokolov.ru/jewelry-catalog/product/0200309/,9 000 руб. - 10 000 руб.
2024-06-05,Sokolov,2.16,21420.0,БК СЕРЬГИ,9917.0,нет скидочного купона,https://sokolov.ru/jewelry-catalog/product/0200309?reviews/,9 000 руб. - 10 000 руб.
2024-06-05,Sokolov,4.65,51975.0,БК СЕРЬГИ,11177.0,нет скидочного купона,https://sokolov.ru/jewelry-catalog/product/0200311/,свыше 10 000 руб.
2024-06-05,Sokolov,1.22,13041.0,БК СЕРЬГИ,10689.0,Дополнительная скидка по акции «Готовимся к лету!» ЕЩЁ -10%,https://sokolov.ru/jewelry-catalog/product/0200336/,свыше 10 000 руб.
2024-06-05,Sokolov,1.21,12600.0,БК СЕРЬГИ,10413.0,нет скидочного купона,https://sokolov.ru/jewelry-catalog/product/0200402/,свыше 10 000 руб.
2024-06-05,Sokolov,1.21,12600.0,БК СЕРЬГИ,10413.0,нет скидочного купона,https://sokolov.ru/jewelry-catalog/product/0200402?reviews/,свыше 10 000 руб.
2024-06-05,Sokolov,0.67,7245.0,БК ПОДВЕС ДЕКОР,10813.0,нет скидочного купона,https://sokolov.ru/jewelry-catalog/product/036405/,свыше 10 000 руб.
2024-06-05,Sokolov,0.67,7245.0,БК ПОДВЕС ДЕКОР,10813.0,нет скидочного купона,https://sokolov.ru/jewelry-catalog/product/036405?reviews/,свыше 10 000 руб.
2024-06-05,Sokolov,1.1,10395.0,БК ПОДВЕС ДЕКОР,9450.0,нет скидочного купона,https://sokolov.ru/jewelry-catalog/product/036486/,9 000 руб. - 10 000 руб.
2024-06-05,Sokolov,1.1,10395.0,БК ПОДВЕС ДЕКОР,9450.0,нет скидочного купона,https://sokolov.ru/jewelry-catalog/product/036486?reviews/,9 000 руб. - 10 000 руб.
2024-06-05,Sokolov,1.48,12190.5,БК ПОДВЕС КУЛЬТ,8237.0,Дополнительная скидка по акции «Готовимся к лету!» ЕЩЁ -10%,https://sokolov.ru/jewelry-catalog/product/036583/,8 000 руб. - 9 000 руб.
2024-06-05,Sokolov,1.48,13545.0,БК ПОДВЕС КУЛЬТ,9152.0,нет скидочного купона,https://sokolov.ru/jewelry-catalog/product/036583?reviews/,9 000 руб. - 10 000 руб.
2024-06-05,Sokolov,1.64,12190.5,БК ПОДВЕС ДЕКОР,7433.0,Дополнительная скидка по акции «Готовимся к лету!» ЕЩЁ -10%,https://sokolov.ru/jewelry-catalog/product/036596/,7 000 руб. - 8 000 руб.
2024-06-05,Sokolov,4.4,30450.0,БК ПОДВЕС ДЕКОР,6920.0,нет скидочного купона,https://sokolov.ru/jewelry-catalog/product/036642/,6 500 руб. - 7 000 руб.
2024-06-05,Sokolov,0.78,7308.0,ЦБ БРАСЛЕТЫ,9369.0,Дополнительная скидка по акции «Готовимся к лету!» ЕЩЁ -20%,https://sokolov.ru/jewelry-catalog/product/051370/,9 000 руб. - 10 000 руб.
2024-06-05,Sokolov,0.78,9135.0,ЦБ БРАСЛЕТЫ,11712.0,нет скидочного купона,https://sokolov.ru/jewelry-catalog/product/051370?reviews/,свыше 10 000 руб.
2024-06-05,Sokolov,2.46,19656.0,ЦБ БРАСЛЕТЫ,7990.0,Дополнительная скидка по акции «Готовимся к лету!» ЕЩЁ -20%,https://sokolov.ru/jewelry-catalog/product/051445/,7 000 руб. - 8 000 руб.
2024-06-05,Sokolov,2.46,24570.0,ЦБ БРАСЛЕТЫ,9988.0,нет скидочного купона,https://sokolov.ru/jewelry-catalog/product/051445?reviews/,9 000 руб. - 10 000 руб.
2024-06-05,Sokolov,1.36,15592.5,ЦБ БРАСЛЕТЫ,11465.0,Дополнительная скидка по акции «Готовимся к лету!» ЕЩЁ -10%,https://sokolov.ru/jewelry-catalog/product/051478/,свыше 10 000 руб.
2024-06-05,Sokolov,1.36,17325.0,ЦБ БРАСЛЕТЫ,12739.0,нет скидочного купона,https://sokolov.ru/jewelry-catalog/product/051478?reviews/,свыше 10 000 руб.
2024-06-05,Sokolov,1.31,13545.0,ЦБ БРАСЛЕТЫ,10340.0,нет скидочного купона,https://sokolov.ru/jewelry-catalog/product/051492/,свыше 10 000 руб.
2024-06-05,Sokolov,1.63,14616.0,БК ПОДВЕС ДЕКОР,8967.0,Дополнительная скидка по акции «Готовимся к лету!» ЕЩЁ -20%,https://sokolov.ru/jewelry-catalog/product/120316/,8 000 руб. - 9 000 руб.
2024-06-05,Sokolov,1.63,18270.0,БК ПОДВЕС ДЕКОР,11209.0,нет скидочного купона,https://sokolov.ru/jewelry-catalog/product/120316?reviews/,свыше 10 000 руб.
2024-06-05,Sokolov,1.13,10395.0,БК ПОДВЕС КУЛЬТ,9199.0,нет скидочного купона,https://sokolov.ru/jewelry-catalog/product/121015/,9 000 руб. - 10 000 руб.
2024-06-05,Sokolov,1.13,10395.0,БК ПОДВЕС КУЛЬТ,9199.0,нет скидочного купона,https://sokolov.ru/jewelry-catalog/product/121015?reviews/,9 000 руб. - 10 000 руб.
2024-06-05,Sokolov,2.08,16695.0,БК ПОДВЕС КУЛЬТ,8026.0,нет скидочного купона,https://sokolov.ru/jewelry-catalog/product/121126/,8 000 руб. - 9 000 руб.
2024-06-05,Sokolov,2.08,16695.0,БК ПОДВЕС КУЛЬТ,8026.0,нет скидочного купона,https://sokolov.ru/jewelry-catalog/product/121126?reviews/,8 000 руб. - 9 000 руб.
2024-06-05,Sokolov,0.65,6930.0,БК ПОДВЕС ДЕКОР,10662.0,нет скидочного купона,https://sokolov.ru/jewelry-catalog/product/121488/,свыше 10 000 руб.
2024-06-05,Sokolov,0.65,6930.0,БК ПОДВЕС ДЕКОР,10662.0,нет скидочного купона,https://sokolov.ru/jewelry-catalog/product/121488?reviews/,свыше 10 000 руб.
2024-06-05,Sokolov,0.42,4391.1,БК ПОДВЕС ДЕКОР,10455.0,Дополнительная скидка по акции «Готовимся к лету!» ЕЩЁ -10%,https://sokolov.ru/jewelry-catalog/product/121492/,свыше 10 000 руб.
2024-06-05,Sokolov,0.42,4879.0,БК ПОДВЕС ДЕКОР,11617.0,нет скидочного купона,https://sokolov.ru/jewelry-catalog/product/121492?reviews/,свыше 10 000 руб.
2024-06-05,Sokolov,0.85,6930.0,БК ПОДВЕС ДЕКОР,8153.0,нет скидочного купона,https://sokolov.ru/jewelry-catalog/product/121496/,8 000 руб. - 9 000 руб.
2024-06-05,Sokolov,0.48,5040.0,БК СЕРЬГИ,10500.0,нет скидочного купона,https://sokolov.ru/jewelry-catalog/product/170049/,свыше 10 000 руб.
2024-06-05,Sokolov,0.48,5040.0,БК СЕРЬГИ,10500.0,нет скидочного купона,https://sokolov.ru/jewelry-catalog/product/170049?reviews/,свыше 10 000 руб.
2024-06-05,Sokolov,2.88,26775.0,ЦБ БРАСЛЕТЫ,9297.0,нет скидочного купона,https://sokolov.ru/jewelry-catalog/product/551070452-3/,9 000 руб. - 10 000 руб.
2024-06-05,Sokolov,2.88,26775.0,ЦБ БРАСЛЕТЫ,9297.0,нет скидочного купона,https://sokolov.ru/jewelry-catalog/product/551070452-3?reviews/,9 000 руб. - 10 000 руб.
2024-06-05,Sokolov,1.25,11025.0,ЦБ БРАСЛЕТЫ,8820.0,нет скидочного купона,https://sokolov.ru/jewelry-catalog/product/551140504/,8 000 руб. - 9 000 руб.
2024-06-05,Sokolov,1.25,11025.0,ЦБ БРАСЛЕТЫ,8820.0,нет скидочного купона,https://sokolov.ru/jewelry-catalog/product/551140504?reviews/,8 000 руб. - 9 000 руб.
2024-06-05,Sokolov,1.48,14175.0,ЦБ БРАСЛЕТЫ,9578.0,нет скидочного купона,https://sokolov.ru/jewelry-catalog/product/551150500/,9 000 руб. - 10 000 руб.
2024-06-05,Sokolov,1.48,14175.0,ЦБ БРАСЛЕТЫ,9578.0,нет скидочного купона,https://sokolov.ru/jewelry-catalog/product/551150500?reviews/,9 000 руб. - 10 000 руб.
2024-06-05,Sokolov,3.02,26775.0,ЦБ ЦЕПИ,8866.0,нет скидочного купона,https://sokolov.ru/jewelry-catalog/product/581140504/,8 000 руб. - 9 000 руб.
2024-06-05,Sokolov,3.02,26775.0,ЦБ ЦЕПИ,8866.0,нет скидочного купона,https://sokolov.ru/jewelry-catalog/product/581140504?reviews/,8 000 руб. - 9 000 руб.
2024-06-05,Sokolov,3.46,31500.0,БК КОЛЬЦА,9104.0,нет скидочного купона,https://sokolov.ru/jewelry-catalog/product/016836/,9 000 руб. - 10 000 руб.
2024-06-05,Sokolov,3.46,31500.0,БК КОЛЬЦА,9104.0,нет скидочного купона,https://sokolov.ru/jewelry-catalog/product/016836?reviews/,9 000 руб. - 10 000 руб.
2024-06-05,Sokolov,1.01,6615.0,БК КОЛЬЦА,6550.0,нет скидочного купона,https://sokolov.ru/jewelry-catalog/product/017253-4/,6 500 руб. - 7 000 руб.
2024-06-05,Sokolov,1.01,6615.0,БК КОЛЬЦА,6550.0,нет скидочного купона,https://sokolov.ru/jewelry-catalog/product/017253-4?reviews/,6 500 руб. - 7 000 руб.
2024-06-05,Sokolov,0.81,7654.5,БК КОЛЬЦА,9450.0,Дополнительная скидка по акции «Готовимся к лету!» ЕЩЁ -10%,https://sokolov.ru/jewelry-catalog/product/017399/,9 000 руб. - 10 000 руб.
2024-06-05,Sokolov,0.81,8505.0,БК КОЛЬЦА,10500.0,нет скидочного купона,https://sokolov.ru/jewelry-catalog/product/017399?reviews/,свыше 10 000 руб.
2024-06-05,Sokolov,3.68,28350.0,БК КОЛЬЦА,7704.0,Дополнительная скидка по акции «Готовимся к лету!» ЕЩЁ -10%,https://sokolov.ru/jewelry-catalog/product/017613/,7 000 руб. - 8 000 руб.
2024-06-05,Sokolov,3.68,31500.0,БК КОЛЬЦА,8560.0,нет скидочного купона,https://sokolov.ru/jewelry-catalog/product/017613?reviews/,8 000 руб. - 9 000 руб.
2024-06-05,Sokolov,1.19,9922.5,БК КОЛЬЦА,8338.0,Дополнительная скидка по акции «Готовимся к лету!» ЕЩЁ -10%,https://sokolov.ru/jewelry-catalog/product/018800/,8 000 руб. - 9 000 руб.
2024-06-05,Sokolov,1.19,11025.0,БК КОЛЬЦА,9265.0,нет скидочного купона,https://sokolov.ru/jewelry-catalog/product/018800?reviews/,9 000 руб. - 10 000 руб.
2024-06-05,Sokolov,1.3,10500.0,БК КОЛЬЦА,8077.0,нет скидочного купона,https://sokolov.ru/jewelry-catalog/product/018891/,8 000 руб. - 9 000 руб.
2024-06-05,Sokolov,1.3,10500.0,БК КОЛЬЦА,8077.0,нет скидочного купона,https://sokolov.ru/jewelry-catalog/product/018891?reviews/,8 000 руб. - 9 000 руб.
2024-06-05,Sokolov,1.44,12600.0,БК КОЛЬЦА,8750.0,нет скидочного купона,https://sokolov.ru/jewelry-catalog/product/019137/,8 000 руб. - 9 000 руб.
2024-06-05,Sokolov,1.44,12600.0,БК КОЛЬЦА,8750.0,нет скидочного купона,https://sokolov.ru/jewelry-catalog/product/019137?reviews/,8 000 руб. - 9 000 руб.
2024-06-05,Sokolov,2.92,22680.0,БК КОЛЬЦА,7767.0,Дополнительная скидка по акции «Готовимся к лету!» ЕЩЁ -10%,https://sokolov.ru/jewelry-catalog/product/019143/,7 000 руб. - 8 000 руб.
2024-06-05,Sokolov,2.92,25200.0,БК КОЛЬЦА,8630.0,нет скидочного купона,https://sokolov.ru/jewelry-catalog/product/019143?reviews/,8 000 руб. - 9 000 руб.
2024-06-05,Sokolov,2.6,18200.0,БК КОЛЬЦА,7000.0,нет скидочного купона,https://sokolov.ru/jewelry-catalog/product/019285/,6 500 руб. - 7 000 руб.
2024-06-05,Sokolov,2.6,18200.0,БК КОЛЬЦА,7000.0,нет скидочного купона,https://sokolov.ru/jewelry-catalog/product/019285?reviews/,6 500 руб. - 7 000 руб.
2024-06-05,Sokolov,1.54,11550.0,БК КОЛЬЦА,7500.0,нет скидочного купона,https://sokolov.ru/jewelry-catalog/product/019295/,7 000 руб. - 8 000 руб.
2024-06-05,Sokolov,1.54,11550.0,БК КОЛЬЦА,7500.0,нет скидочного купона,https://sokolov.ru/jewelry-catalog/product/019295?reviews/,7 000 руб. - 8 000 руб.
2024-06-05,Sokolov,2.08,19845.0,БК КОЛЬЦА,9541.0,нет скидочного купона,https://sokolov.ru/jewelry-catalog/product/019375/,9 000 руб. - 10 000 руб.
2024-06-05,Sokolov,2.08,19845.0,БК КОЛЬЦА,9541.0,нет скидочного купона,https://sokolov.ru/jewelry-catalog/product/019375?reviews/,9 000 руб. - 10 000 руб.
2024-06-05,Sokolov,2.0,15876.0,БК КОЛЬЦА,7938.0,Дополнительная скидка по акции «Готовимся к лету!» ЕЩЁ -20%,https://sokolov.ru/jewelry-catalog/product/019486/,7 000 руб. - 8 000 руб.
2024-06-05,Sokolov,2.0,19845.0,БК КОЛЬЦА,9922.0,нет скидочного купона,https://sokolov.ru/jewelry-catalog/product/019486?reviews/,9 000 руб. - 10 000 руб.
2024-06-05,Sokolov,1.74,17010.0,БК КОЛЬЦА,9776.0,Дополнительная скидка по акции «Готовимся к лету!» ЕЩЁ -10%,https://sokolov.ru/jewelry-catalog/product/019507/,9 000 руб. - 10 000 руб.
2024-06-05,Sokolov,1.74,18900.0,БК КОЛЬЦА,10862.0,нет скидочного купона,https://sokolov.ru/jewelry-catalog/product/019507?reviews/,свыше 10 000 руб.
2024-06-05,Sokolov,2.04,17640.0,БК КОЛЬЦА,8647.0,Дополнительная скидка по акции «Готовимся к лету!» ЕЩЁ -20%,https://sokolov.ru/jewelry-catalog/product/019508/,8 000 руб. - 9 000 руб.
2024-06-05,Sokolov,2.39,20695.5,БК КОЛЬЦА,8659.0,Дополнительная скидка по акции «Готовимся к лету!» ЕЩЁ -10%,https://sokolov.ru/jewelry-catalog/product/019510/,8 000 руб. - 9 000 руб.
2024-06-05,Sokolov,3.44,28350.0,БК КОЛЬЦА,8241.0,нет скидочного купона,https://sokolov.ru/jewelry-catalog/product/019515/,8 000 руб. - 9 000 руб.
2024-06-05,Sokolov,1.61,12757.5,БК КОЛЬЦА,7924.0,Дополнительная скидка по акции «Готовимся к лету!» ЕЩЁ -10%,https://sokolov.ru/jewelry-catalog/product/019539/,7 000 руб. - 8 000 руб.
2024-06-05,Sokolov,0.98,9450.0,БК КОЛЬЦА,9643.0,нет скидочного купона,https://sokolov.ru/jewelry-catalog/product/019540/,9 000 руб. - 10 000 руб.
2024-06-05,Sokolov,1.68,13545.0,БК КОЛЬЦА,8062.0,нет скидочного купона,https://sokolov.ru/jewelry-catalog/product/019546/,8 000 руб. - 9 000 руб.
2024-06-05,Sokolov,0.74,5355.0,БК СЕРЬГИ,7236.0,нет скидочного купона,https://sokolov.ru/jewelry-catalog/product/0200023/,7 000 руб. - 8 000 руб.
2024-06-05,Sokolov,0.95,9072.0,БК СЕРЬГИ,9549.0,Дополнительная скидка по акции «Готовимся к лету!» ЕЩЁ -10%,https://sokolov.ru/jewelry-catalog/product/0200057/,9 000 руб. - 10 000 руб.
2024-06-05,Sokolov,0.95,10080.0,БК СЕРЬГИ,10611.0,нет скидочного купона,https://sokolov.ru/jewelry-catalog/product/0200057?reviews/,свыше 10 000 руб.
2024-06-05,Sokolov,0.71,6300.0,БК СЕРЬГИ,8873.0,Дополнительная скидка по акции «Готовимся к лету!» ЕЩЁ -20%,https://sokolov.ru/jewelry-catalog/product/0200138/,8 000 руб. - 9 000 руб.
2024-06-05,Sokolov,0.71,7875.0,БК СЕРЬГИ,11092.0,нет скидочного купона,https://sokolov.ru/jewelry-catalog/product/0200138?reviews/,свыше 10 000 руб.
2024-06-05,Sokolov,1.57,14742.0,БК СЕРЬГИ,9390.0,Дополнительная скидка по акции «Готовимся к лету!» ЕЩЁ -10%,https://sokolov.ru/jewelry-catalog/product/0200161/,9 000 руб. - 10 000 руб.
2024-06-05,Sokolov,1.57,16380.0,БК СЕРЬГИ,10433.0,нет скидочного купона,https://sokolov.ru/jewelry-catalog/product/0200161?reviews/,свыше 10 000 руб.
2024-06-05,Sokolov,0.86,7875.0,БК СЕРЬГИ,9157.0,нет скидочного купона,https://sokolov.ru/jewelry-catalog/product/0200167/,9 000 руб. - 10 000 руб.
2024-06-05,Sokolov,0.86,7875.0,БК СЕРЬГИ,9157.0,нет скидочного купона,https://sokolov.ru/jewelry-catalog/product/0200167?reviews/,9 000 руб. - 10 000 руб.
2024-06-05,Sokolov,3.24,28980.0,БК СЕРЬГИ,8944.0,нет скидочного купона,https://sokolov.ru/jewelry-catalog/product/0200199/,8 000 руб. - 9 000 руб.
2024-06-05,Sokolov,3.24,28980.0,БК СЕРЬГИ,8944.0,нет скидочного купона,https://sokolov.ru/jewelry-catalog/product/0200199?reviews/,8 000 руб. - 9 000 руб.
2024-06-05,Sokolov,1.3,10710.0,БК СЕРЬГИ,8238.0,нет скидочного купона,https://sokolov.ru/jewelry-catalog/product/0200212/,8 000 руб. - 9 000 руб.
2024-06-05,Sokolov,1.3,10710.0,БК СЕРЬГИ,8238.0,нет скидочного купона,https://sokolov.ru/jewelry-catalog/product/0200212?reviews/,8 000 руб. - 9 000 руб.
2024-06-05,Sokolov,1.27,10584.0,БК СЕРЬГИ,8334.0,Дополнительная скидка по акции «Готовимся к лету!» ЕЩЁ -20%,https://sokolov.ru/jewelry-catalog/product/0200231/,8 000 руб. - 9 000 руб.
2024-06-05,Sokolov,1.27,13230.0,БК СЕРЬГИ,10417.0,нет скидочного купона,https://sokolov.ru/jewelry-catalog/product/0200231?reviews/,свыше 10 000 руб.
2024-06-05,Sokolov,2.08,18270.0,БК СЕРЬГИ,8784.0,нет скидочного купона,https://sokolov.ru/jewelry-catalog/product/0200247/,8 000 руб. - 9 000 руб.
2024-06-05,Sokolov,2.08,18270.0,БК СЕРЬГИ,8784.0,нет скидочного купона,https://sokolov.ru/jewelry-catalog/product/0200247?reviews/,8 000 руб. - 9 000 руб.
2024-06-05,Sokolov,1.52,12474.0,БК СЕРЬГИ,8207.0,Дополнительная скидка по акции «Готовимся к лету!» ЕЩЁ -10%,https://sokolov.ru/jewelry-catalog/product/0200255/,8 000 руб. - 9 000 руб.
2024-06-05,Sokolov,2.7,28035.0,БК СЕРЬГИ,10383.0,нет скидочного купона,https://sokolov.ru/jewelry-catalog/product/0200330/,свыше 10 000 руб.
2024-06-05,Sokolov,2.7,28035.0,БК СЕРЬГИ,10383.0,нет скидочного купона,https://sokolov.ru/jewelry-catalog/product/0200330?reviews/,свыше 10 000 руб.
2024-06-05,Sokolov,2.29,18144.0,БК СЕРЬГИ,7923.0,Дополнительная скидка по акции «Готовимся к лету!» ЕЩЁ -10%,https://sokolov.ru/jewelry-catalog/product/0200331/,7 000 руб. - 8 000 руб.
2024-06-05,Sokolov,2.29,20160.0,БК СЕРЬГИ,8803.0,нет скидочного купона,https://sokolov.ru/jewelry-catalog/product/0200331?reviews/,8 000 руб. - 9 000 руб.
2024-06-05,Sokolov,2.1,24948.0,БК СЕРЬГИ,11880.0,Дополнительная скидка по акции «Готовимся к лету!» ЕЩЁ -10%,https://sokolov.ru/jewelry-catalog/product/0200365/,свыше 10 000 руб.
2024-06-05,Sokolov,0.92,7560.0,БК СЕРЬГИ,8217.0,Дополнительная скидка по акции «Готовимся к лету!» ЕЩЁ -20%,https://sokolov.ru/jewelry-catalog/product/0200384/,8 000 руб. - 9 000 руб.
2024-06-05,Sokolov,2.44,23530.5,БК СЕРЬГИ,9644.0,Дополнительная скидка по акции «Готовимся к лету!» ЕЩЁ -10%,https://sokolov.ru/jewelry-catalog/product/0200431/,9 000 руб. - 10 000 руб.
2024-06-05,Sokolov,2.4,20916.0,БК СЕРЬГИ,8715.0,Дополнительная скидка по акции «Готовимся к лету!» ЕЩЁ -20%,https://sokolov.ru/jewelry-catalog/product/0200434/,8 000 руб. - 9 000 руб.
2024-06-05,Sokolov,1.62,14742.0,БК СЕРЬГИ,9100.0,Дополнительная скидка по акции «Готовимся к лету!» ЕЩЁ -10%,https://sokolov.ru/jewelry-catalog/product/0200440/,9 000 руб. - 10 000 руб.
2024-06-05,Sokolov,2.99,26365.5,БК СЕРЬГИ,8818.0,Дополнительная скидка по акции «Готовимся к лету!» ЕЩЁ -10%,https://sokolov.ru/jewelry-catalog/product/0200464/,8 000 руб. - 9 000 руб.
2024-06-05,Sokolov,1.59,16695.0,БК СЕРЬГИ,10500.0,нет скидочного купона,https://sokolov.ru/jewelry-catalog/product/0200473/,свыше 10 000 руб.
2024-06-05,Sokolov,2.16,19278.0,БК СЕРЬГИ,8925.0,Дополнительная скидка по акции «Готовимся к лету!» ЕЩЁ -10%,https://sokolov.ru/jewelry-catalog/product/0200478/,8 000 руб. - 9 000 руб.
2024-06-05,Sokolov,1.74,17325.0,БК СЕРЬГИ,9957.0,нет скидочного купона,https://sokolov.ru/jewelry-catalog/product/0200481/,9 000 руб. - 10 000 руб.
2024-06-05,Sokolov,0.98,9072.0,БК СЕРЬГИ,9257.0,Дополнительная скидка по акции «Готовимся к лету!» ЕЩЁ -20%,https://sokolov.ru/jewelry-catalog/product/0200483/,9 000 руб. - 10 000 руб.
2024-06-05,Sokolov,2.66,24948.0,БК СЕРЬГИ,9379.0,Дополнительная скидка по акции «Готовимся к лету!» ЕЩЁ -10%,https://sokolov.ru/jewelry-catalog/product/0200484/,9 000 руб. - 10 000 руб.
2024-06-05,Sokolov,2.23,19278.0,БК СЕРЬГИ,8645.0,Дополнительная скидка по акции «Готовимся к лету!» ЕЩЁ -10%,https://sokolov.ru/jewelry-catalog/product/0200494/,8 000 руб. - 9 000 руб.
2024-06-05,Sokolov,1.45,12600.0,БК СЕРЬГИ,8690.0,Дополнительная скидка по акции «Готовимся к лету!» ЕЩЁ -20%,https://sokolov.ru/jewelry-catalog/product/026748-2/,8 000 руб. - 9 000 руб.
2024-06-05,Sokolov,1.45,15750.0,БК СЕРЬГИ,10862.0,нет скидочного купона,https://sokolov.ru/jewelry-catalog/product/026748-2?reviews/,свыше 10 000 руб.
2024-06-05,Sokolov,4.87,32602.5,БК СЕРЬГИ,6695.0,Дополнительная скидка по акции «Готовимся к лету!» ЕЩЁ -10%,https://sokolov.ru/jewelry-catalog/product/029372/,6 500 руб. - 7 000 руб.
2024-06-05,Sokolov,4.87,36225.0,БК СЕРЬГИ,7438.0,нет скидочного купона,https://sokolov.ru/jewelry-catalog/product/029372?reviews/,7 000 руб. - 8 000 руб.
2024-06-05,Sokolov,4.29,27090.0,БК СЕРЬГИ,6315.0,нет скидочного купона,https://sokolov.ru/jewelry-catalog/product/029373/,6 000 руб. - 6 500 руб.
2024-06-05,Sokolov,1.05,9450.0,БК СЕРЬГИ,9000.0,нет скидочного купона,https://sokolov.ru/jewelry-catalog/product/029699-2/,8 000 руб. - 9 000 руб.
2024-06-05,Sokolov,1.05,9450.0,БК СЕРЬГИ,9000.0,нет скидочного купона,https://sokolov.ru/jewelry-catalog/product/029699-2?reviews/,8 000 руб. - 9 000 руб.
2024-06-05,Sokolov,1.97,17325.0,БК ПОДВЕС ДЕКОР,8794.0,нет скидочного купона,https://sokolov.ru/jewelry-catalog/product/031205/,8 000 руб. - 9 000 руб.
2024-06-05,Sokolov,1.97,17325.0,БК ПОДВЕС ДЕКОР,8794.0,нет скидочного купона,https://sokolov.ru/jewelry-catalog/product/031205?reviews/,8 000 руб. - 9 000 руб.
2024-06-05,Sokolov,1.88,14175.0,БК ПОДВЕС ДЕКОР,7540.0,нет скидочного купона,https://sokolov.ru/jewelry-catalog/product/031206/,7 000 руб. - 8 000 руб.
2024-06-05,Sokolov,1.88,14175.0,БК ПОДВЕС ДЕКОР,7540.0,нет скидочного купона,https://sokolov.ru/jewelry-catalog/product/031206?reviews/,7 000 руб. - 8 000 руб.
2024-06-05,Sokolov,0.78,7245.0,БК ПОДВЕС ДЕКОР,9288.0,нет скидочного купона,https://sokolov.ru/jewelry-catalog/product/031386/,9 000 руб. - 10 000 руб.
2024-06-05,Sokolov,0.78,7245.0,БК ПОДВЕС ДЕКОР,9288.0,нет скидочного купона,https://sokolov.ru/jewelry-catalog/product/031386?reviews/,9 000 руб. - 10 000 руб.
2024-06-05,Sokolov,1.16,10395.0,БК ПОДВЕС ДЕКОР,8961.0,нет скидочного купона,https://sokolov.ru/jewelry-catalog/product/032330/,8 000 руб. - 9 000 руб.
2024-06-05,Sokolov,1.16,10395.0,БК ПОДВЕС ДЕКОР,8961.0,нет скидочного купона,https://sokolov.ru/jewelry-catalog/product/032330?reviews/,8 000 руб. - 9 000 руб.
2024-06-05,Sokolov,1.15,9450.0,БК ПОДВЕС ДЕКОР,8217.0,нет скидочного купона,https://sokolov.ru/jewelry-catalog/product/032333/,8 000 руб. - 9 000 руб.
2024-06-05,Sokolov,1.15,9450.0,БК ПОДВЕС ДЕКОР,8217.0,нет скидочного купона,https://sokolov.ru/jewelry-catalog/product/032333?reviews/,8 000 руб. - 9 000 руб.
2024-06-05,Sokolov,1.59,12600.0,БК ПОДВЕС ДЕКОР,7925.0,нет скидочного купона,https://sokolov.ru/jewelry-catalog/product/033461/,7 000 руб. - 8 000 руб.
2024-06-05,Sokolov,1.59,12600.0,БК ПОДВЕС ДЕКОР,7925.0,нет скидочного купона,https://sokolov.ru/jewelry-catalog/product/033461?reviews/,7 000 руб. - 8 000 руб.
2024-06-05,Sokolov,0.64,5292.0,БК ПОДВЕС ДЕКОР,8269.0,Дополнительная скидка по акции «Готовимся к лету!» ЕЩЁ -20%,https://sokolov.ru/jewelry-catalog/product/034948-2/,8 000 руб. - 9 000 руб.
2024-06-05,Sokolov,0.64,6615.0,БК ПОДВЕС ДЕКОР,10336.0,нет скидочного купона,https://sokolov.ru/jewelry-catalog/product/034948-2?reviews/,свыше 10 000 руб.
2024-06-05,Sokolov,0.45,5670.0,БК ПОДВЕС ДЕКОР,12600.0,Дополнительная скидка по акции «Готовимся к лету!» ЕЩЁ -10%,https://sokolov.ru/jewelry-catalog/product/035558/,свыше 10 000 руб.
2024-06-05,Sokolov,0.45,6300.0,БК ПОДВЕС ДЕКОР,14000.0,нет скидочного купона,https://sokolov.ru/jewelry-catalog/product/035558?reviews/,свыше 10 000 руб.
2024-06-05,Sokolov,1.73,15592.5,БК ПОДВЕС ДЕКОР,9013.0,Дополнительная скидка по акции «Готовимся к лету!» ЕЩЁ -10%,https://sokolov.ru/jewelry-catalog/product/036015/,9 000 руб. - 10 000 руб.
2024-06-05,Sokolov,1.73,17325.0,БК ПОДВЕС ДЕКОР,10014.0,нет скидочного купона,https://sokolov.ru/jewelry-catalog/product/036015?reviews/,свыше 10 000 руб.
2024-06-05,Sokolov,1.66,11970.0,БК ПОДВЕС ДЕКОР,7211.0,нет скидочного купона,https://sokolov.ru/jewelry-catalog/product/036016/,7 000 руб. - 8 000 руб.
2024-06-05,Sokolov,1.66,11970.0,БК ПОДВЕС ДЕКОР,7211.0,нет скидочного купона,https://sokolov.ru/jewelry-catalog/product/036016?reviews/,7 000 руб. - 8 000 руб.
2024-06-05,Sokolov,0.42,3651.2,БК ПОДВЕС ДЕКОР,8693.0,Дополнительная скидка по акции «Готовимся к лету!» ЕЩЁ -20%,https://sokolov.ru/jewelry-catalog/product/036402/,8 000 руб. - 9 000 руб.
2024-06-05,Sokolov,0.42,4564.0,БК ПОДВЕС ДЕКОР,10867.0,нет скидочного купона,https://sokolov.ru/jewelry-catalog/product/036402?reviews/,свыше 10 000 руб.
2024-06-05,Sokolov,0.74,7245.0,БК ПОДВЕС ДЕКОР,9791.0,нет скидочного купона,https://sokolov.ru/jewelry-catalog/product/036426/,9 000 руб. - 10 000 руб.
2024-06-05,Sokolov,0.74,7245.0,БК ПОДВЕС ДЕКОР,9791.0,нет скидочного купона,https://sokolov.ru/jewelry-catalog/product/036426?reviews/,9 000 руб. - 10 000 руб.
2024-06-05,Sokolov,0.77,8221.5,БК ПОДВЕС ДЕКОР,10677.0,Дополнительная скидка по акции «Готовимся к лету!» ЕЩЁ -10%,https://sokolov.ru/jewelry-catalog/product/036502/,свыше 10 000 руб.
2024-06-05,Sokolov,0.77,9135.0,БК ПОДВЕС ДЕКОР,11864.0,нет скидочного купона,https://sokolov.ru/jewelry-catalog/product/036502?reviews/,свыше 10 000 руб.
2024-06-05,Sokolov,1.69,13230.0,БК ПОДВЕС ДЕКОР,7828.0,нет скидочного купона,https://sokolov.ru/jewelry-catalog/product/036570/,7 000 руб. - 8 000 руб.
2024-06-05,Sokolov,0.24,2674.0,БК ПОДВЕС ДЕКОР,11142.0,нет скидочного купона,https://sokolov.ru/jewelry-catalog/product/036573/,свыше 10 000 руб.
2024-06-05,Sokolov,0.24,2674.0,БК ПОДВЕС ДЕКОР,11142.0,нет скидочного купона,https://sokolov.ru/jewelry-catalog/product/036573?reviews/,свыше 10 000 руб.
2024-06-05,Sokolov,3.58,27300.0,БК ПОДВЕС ДЕКОР,7626.0,нет скидочного купона,https://sokolov.ru/jewelry-catalog/product/036641/,7 000 руб. - 8 000 руб.
2024-06-05,Sokolov,1.49,13230.0,БК ПОДВЕС ДЕКОР,8879.0,нет скидочного купона,https://sokolov.ru/jewelry-catalog/product/036649/,8 000 руб. - 9 000 руб.
2024-06-05,Sokolov,1.26,12190.5,БК ПОДВЕС ДЕКОР,9675.0,Дополнительная скидка по акции «Готовимся к лету!» ЕЩЁ -10%,https://sokolov.ru/jewelry-catalog/product/036652/,9 000 руб. - 10 000 руб.
2024-06-05,Sokolov,1.05,9576.0,БК ПОДВЕС ДЕКОР,9120.0,Дополнительная скидка по акции «Готовимся к лету!» ЕЩЁ -20%,https://sokolov.ru/jewelry-catalog/product/036657/,9 000 руб. - 10 000 руб.
2024-06-05,Sokolov,0.84,9289.0,БК ПОДВЕС ДЕКОР,11058.0,нет скидочного купона,https://sokolov.ru/jewelry-catalog/product/036663/,свыше 10 000 руб.
2024-06-05,Sokolov,1.69,19845.0,БК ПОДВЕС ДЕКОР,11743.0,нет скидочного купона,https://sokolov.ru/jewelry-catalog/product/036664/,свыше 10 000 руб.
2024-06-05,Sokolov,0.69,5670.0,БК ПОДВЕС ДЕКОР,8217.0,Дополнительная скидка по акции «Готовимся к лету!» ЕЩЁ -10%,https://sokolov.ru/jewelry-catalog/product/036667/,8 000 руб. - 9 000 руб.
2024-06-05,Sokolov,4.16,36855.0,ЦБ БРАСЛЕТЫ,8859.0,Дополнительная скидка по акции «Готовимся к лету!» ЕЩЁ -10%,https://sokolov.ru/jewelry-catalog/product/050935/,8 000 руб. - 9 000 руб.
2024-06-05,Sokolov,4.16,40950.0,ЦБ БРАСЛЕТЫ,9844.0,нет скидочного купона,https://sokolov.ru/jewelry-catalog/product/050935?reviews/,9 000 руб. - 10 000 руб.
2024-06-05,Sokolov,3.81,31185.0,ЦБ БРАСЛЕТЫ,8185.0,Дополнительная скидка по акции «Готовимся к лету!» ЕЩЁ -10%,https://sokolov.ru/jewelry-catalog/product/051188-2/,8 000 руб. - 9 000 руб.
2024-06-05,Sokolov,3.81,34650.0,ЦБ БРАСЛЕТЫ,9094.0,нет скидочного купона,https://sokolov.ru/jewelry-catalog/product/051188-2?reviews/,9 000 руб. - 10 000 руб.
2024-06-05,Sokolov,1.86,18270.0,ЦБ БРАСЛЕТЫ,9823.0,нет скидочного купона,https://sokolov.ru/jewelry-catalog/product/051328/,9 000 руб. - 10 000 руб.
2024-06-05,Sokolov,1.86,18270.0,ЦБ БРАСЛЕТЫ,9823.0,нет скидочного купона,https://sokolov.ru/jewelry-catalog/product/051328?reviews/,9 000 руб. - 10 000 руб.
2024-06-05,Sokolov,2.52,18480.0,ЦБ БРАСЛЕТЫ,7333.0,нет скидочного купона,https://sokolov.ru/jewelry-catalog/product/051412/,7 000 руб. - 8 000 руб.
2024-06-05,Sokolov,2.52,18480.0,ЦБ БРАСЛЕТЫ,7333.0,нет скидочного купона,https://sokolov.ru/jewelry-catalog/product/051412?reviews/,7 000 руб. - 8 000 руб.
2024-06-05,Sokolov,3.12,27783.0,ЦБ БРАСЛЕТЫ,8905.0,Дополнительная скидка по акции «Готовимся к лету!» ЕЩЁ -10%,https://sokolov.ru/jewelry-catalog/product/051417/,8 000 руб. - 9 000 руб.
2024-06-05,Sokolov,3.12,30870.0,ЦБ БРАСЛЕТЫ,9894.0,нет скидочного купона,https://sokolov.ru/jewelry-catalog/product/051417?reviews/,9 000 руб. - 10 000 руб.
2024-06-05,Sokolov,7.79,65205.0,ЦБ БРАСЛЕТЫ,8370.0,Дополнительная скидка по акции «Готовимся к лету!» ЕЩЁ -10%,https://sokolov.ru/jewelry-catalog/product/051447/,8 000 руб. - 9 000 руб.
2024-06-05,Sokolov,7.79,72450.0,ЦБ БРАСЛЕТЫ,9300.0,нет скидочного купона,https://sokolov.ru/jewelry-catalog/product/051447?reviews/,9 000 руб. - 10 000 руб.
2024-06-05,Sokolov,3.17,26775.0,ЦБ БРАСЛЕТЫ,8446.0,нет скидочного купона,https://sokolov.ru/jewelry-catalog/product/051451/,8 000 руб. - 9 000 руб.
2024-06-05,Sokolov,3.17,26775.0,ЦБ БРАСЛЕТЫ,8446.0,нет скидочного купона,https://sokolov.ru/jewelry-catalog/product/051451?reviews/,8 000 руб. - 9 000 руб.
2024-06-05,Sokolov,1.0,8820.0,ЦБ БРАСЛЕТЫ,8820.0,Дополнительная скидка по акции «Готовимся к лету!» ЕЩЁ -20%,https://sokolov.ru/jewelry-catalog/product/051475/,8 000 руб. - 9 000 руб.
2024-06-05,Sokolov,11.59,94500.0,ЦБ БРАСЛЕТЫ,8154.0,нет скидочного купона,https://sokolov.ru/jewelry-catalog/product/051483/,8 000 руб. - 9 000 руб.
2024-06-05,Sokolov,5.6,50400.0,ЦБ БРАСЛЕТЫ,9000.0,нет скидочного купона,https://sokolov.ru/jewelry-catalog/product/051490/,8 000 руб. - 9 000 руб.
2024-06-05,Sokolov,1.24,11025.0,ЦБ БРАСЛЕТЫ,8891.0,нет скидочного купона,https://sokolov.ru/jewelry-catalog/product/051501/,8 000 руб. - 9 000 руб.
2024-06-05,Sokolov,2.77,23625.0,БК КОЛЬЦА ОБРУЧ,8529.0,нет скидочного купона,https://sokolov.ru/jewelry-catalog/product/110029-3/,8 000 руб. - 9 000 руб.
2024-06-05,Sokolov,2.77,23625.0,БК КОЛЬЦА ОБРУЧ,8529.0,нет скидочного купона,https://sokolov.ru/jewelry-catalog/product/110029-3?reviews/,8 000 руб. - 9 000 руб.
2024-06-05,Sokolov,1.73,16695.0,БК КОЛЬЦА ОБРУЧ,9650.0,нет скидочного купона,https://sokolov.ru/jewelry-catalog/product/110250/,9 000 руб. - 10 000 руб.
2024-06-05,Sokolov,1.73,16695.0,БК КОЛЬЦА ОБРУЧ,9650.0,нет скидочного купона,https://sokolov.ru/jewelry-catalog/product/110250?reviews/,9 000 руб. - 10 000 руб.
2024-06-05,Sokolov,1.77,13545.0,БК КОЛЬЦА ОБРУЧ,7653.0,нет скидочного купона,https://sokolov.ru/jewelry-catalog/product/110251/,7 000 руб. - 8 000 руб.
2024-06-05,Sokolov,1.77,13545.0,БК КОЛЬЦА ОБРУЧ,7653.0,нет скидочного купона,https://sokolov.ru/jewelry-catalog/product/110251?reviews/,7 000 руб. - 8 000 руб.
2024-06-05,Sokolov,2.5,22050.0,БК КОЛЬЦА ОБРУЧ,8820.0,нет скидочного купона,https://sokolov.ru/jewelry-catalog/product/110252/,8 000 руб. - 9 000 руб.
2024-06-05,Sokolov,2.5,22050.0,БК КОЛЬЦА ОБРУЧ,8820.0,нет скидочного купона,https://sokolov.ru/jewelry-catalog/product/110252?reviews/,8 000 руб. - 9 000 руб.
2024-06-05,Sokolov,2.47,20475.0,БК КОЛЬЦА ОБРУЧ,8289.0,нет скидочного купона,https://sokolov.ru/jewelry-catalog/product/110253/,8 000 руб. - 9 000 руб.
2024-06-05,Sokolov,1.99,16695.0,БК КОЛЬЦА ОБРУЧ,8389.0,нет скидочного купона,https://sokolov.ru/jewelry-catalog/product/110254/,8 000 руб. - 9 000 руб.
2024-06-05,Sokolov,1.99,16695.0,БК КОЛЬЦА ОБРУЧ,8389.0,нет скидочного купона,https://sokolov.ru/jewelry-catalog/product/110254?reviews/,8 000 руб. - 9 000 руб.
2024-06-05,Sokolov,0.97,8190.0,БК КОЛЬЦА ОБРУЧ,8443.0,нет скидочного купона,https://sokolov.ru/jewelry-catalog/product/110259/,8 000 руб. - 9 000 руб.
2024-06-05,Sokolov,0.97,8190.0,БК КОЛЬЦА ОБРУЧ,8443.0,нет скидочного купона,https://sokolov.ru/jewelry-catalog/product/110259?reviews/,8 000 руб. - 9 000 руб.
2024-06-05,Sokolov,1.49,13384.0,БК КОЛЬЦА ОБРУЧ,8983.0,нет скидочного купона,https://sokolov.ru/jewelry-catalog/product/110263/,8 000 руб. - 9 000 руб.
2024-06-05,Sokolov,1.5,13545.0,БК КОЛЬЦА ОБРУЧ,9030.0,нет скидочного купона,https://sokolov.ru/jewelry-catalog/product/111228/,9 000 руб. - 10 000 руб.
2024-06-05,Sokolov,1.5,13545.0,БК КОЛЬЦА ОБРУЧ,9030.0,нет скидочного купона,https://sokolov.ru/jewelry-catalog/product/111228?reviews/,9 000 руб. - 10 000 руб.
2024-06-05,Sokolov,2.67,22995.0,БК КОЛЬЦА ОБРУЧ,8612.0,нет скидочного купона,https://sokolov.ru/jewelry-catalog/product/111229/,8 000 руб. - 9 000 руб.
2024-06-05,Sokolov,2.57,18270.0,БК КОЛЬЦА ОБРУЧ,7109.0,нет скидочного купона,https://sokolov.ru/jewelry-catalog/product/111230/,7 000 руб. - 8 000 руб.
2024-06-05,Sokolov,2.24,20475.0,БК КОЛЬЦА ОБРУЧ,9141.0,нет скидочного купона,https://sokolov.ru/jewelry-catalog/product/111231/,9 000 руб. - 10 000 руб.
2024-06-05,Sokolov,2.24,20475.0,БК КОЛЬЦА ОБРУЧ,9141.0,нет скидочного купона,https://sokolov.ru/jewelry-catalog/product/111231?reviews/,9 000 руб. - 10 000 руб.
2024-06-05,Sokolov,2.61,19845.0,БК КОЛЬЦА ОБРУЧ,7603.0,нет скидочного купона,https://sokolov.ru/jewelry-catalog/product/111232/,7 000 руб. - 8 000 руб.
2024-06-05,Sokolov,1.88,18270.0,БК ПОДВЕС ДЕКОР,9718.0,нет скидочного купона,https://sokolov.ru/jewelry-catalog/product/120317/,9 000 руб. - 10 000 руб.
2024-06-05,Sokolov,1.88,18270.0,БК ПОДВЕС ДЕКОР,9718.0,нет скидочного купона,https://sokolov.ru/jewelry-catalog/product/120317?reviews/,9 000 руб. - 10 000 руб.
2024-06-05,Sokolov,3.34,23530.5,БК ПОДВЕС КУЛЬТ,7045.0,Дополнительная скидка по акции «Готовимся к лету!» ЕЩЁ -10%,https://sokolov.ru/jewelry-catalog/product/121006/,7 000 руб. - 8 000 руб.
2024-06-05,Sokolov,3.34,26145.0,БК ПОДВЕС КУЛЬТ,7828.0,нет скидочного купона,https://sokolov.ru/jewelry-catalog/product/121006?reviews/,7 000 руб. - 8 000 руб.
2024-06-05,Sokolov,1.53,11970.0,БК ПОДВЕС КУЛЬТ,7824.0,нет скидочного купона,https://sokolov.ru/jewelry-catalog/product/121089/,7 000 руб. - 8 000 руб.
2024-06-05,Sokolov,1.53,11970.0,БК ПОДВЕС КУЛЬТ,7824.0,нет скидочного купона,https://sokolov.ru/jewelry-catalog/product/121089?reviews/,7 000 руб. - 8 000 руб.
2024-06-05,Sokolov,1.45,10773.0,БК ПОДВЕС КУЛЬТ,7430.0,Дополнительная скидка по акции «Готовимся к лету!» ЕЩЁ -10%,https://sokolov.ru/jewelry-catalog/product/121107/,7 000 руб. - 8 000 руб.
2024-06-05,Sokolov,1.45,11970.0,БК ПОДВЕС КУЛЬТ,8255.0,нет скидочного купона,https://sokolov.ru/jewelry-catalog/product/121107?reviews/,8 000 руб. - 9 000 руб.
2024-06-05,Sokolov,1.15,11025.0,БК ПОДВЕС КУЛЬТ,9587.0,нет скидочного купона,https://sokolov.ru/jewelry-catalog/product/121148/,9 000 руб. - 10 000 руб.
2024-06-05,Sokolov,1.15,11025.0,БК ПОДВЕС КУЛЬТ,9587.0,нет скидочного купона,https://sokolov.ru/jewelry-catalog/product/121148?reviews/,9 000 руб. - 10 000 руб.
2024-06-05,Sokolov,1.11,9450.0,БК ПОДВЕС КУЛЬТ,8514.0,нет скидочного купона,https://sokolov.ru/jewelry-catalog/product/121212/,8 000 руб. - 9 000 руб.
2024-06-05,Sokolov,1.11,9450.0,БК ПОДВЕС КУЛЬТ,8514.0,нет скидочного купона,https://sokolov.ru/jewelry-catalog/product/121212?reviews/,8 000 руб. - 9 000 руб.
2024-06-05,Sokolov,0.95,7654.5,БК ПОДВЕС КУЛЬТ,8057.0,Дополнительная скидка по акции «Готовимся к лету!» ЕЩЁ -10%,https://sokolov.ru/jewelry-catalog/product/121215/,8 000 руб. - 9 000 руб.
2024-06-05,Sokolov,0.95,8505.0,БК ПОДВЕС КУЛЬТ,8953.0,нет скидочного купона,https://sokolov.ru/jewelry-catalog/product/121215?reviews/,8 000 руб. - 9 000 руб.
2024-06-05,Sokolov,0.99,9922.5,БК ПОДВЕС КУЛЬТ,10023.0,Дополнительная скидка по акции «Готовимся к лету!» ЕЩЁ -10%,https://sokolov.ru/jewelry-catalog/product/121326-2/,свыше 10 000 руб.
2024-06-05,Sokolov,0.99,11025.0,БК ПОДВЕС КУЛЬТ,11136.0,нет скидочного купона,https://sokolov.ru/jewelry-catalog/product/121326-2?reviews/,свыше 10 000 руб.
2024-06-05,Sokolov,0.89,8505.0,БК ПОДВЕС КУЛЬТ,9556.0,нет скидочного купона,https://sokolov.ru/jewelry-catalog/product/121410/,9 000 руб. - 10 000 руб.
2024-06-05,Sokolov,0.89,8505.0,БК ПОДВЕС КУЛЬТ,9556.0,нет скидочного купона,https://sokolov.ru/jewelry-catalog/product/121410?reviews/,9 000 руб. - 10 000 руб.
2024-06-05,Sokolov,1.71,18900.0,БК ПОДВЕС ДЕКОР,11053.0,нет скидочного купона,https://sokolov.ru/jewelry-catalog/product/121491/,свыше 10 000 руб.
2024-06-05,Sokolov,1.71,18900.0,БК ПОДВЕС ДЕКОР,11053.0,нет скидочного купона,https://sokolov.ru/jewelry-catalog/product/121491?reviews/,свыше 10 000 руб.
2024-06-05,Sokolov,0.41,4391.1,БК ПОДВЕС ДЕКОР,10710.0,Дополнительная скидка по акции «Готовимся к лету!» ЕЩЁ -10%,https://sokolov.ru/jewelry-catalog/product/121493/,свыше 10 000 руб.
2024-06-05,Sokolov,0.93,7654.5,БК ПОДВЕС ДЕКОР,8231.0,Дополнительная скидка по акции «Готовимся к лету!» ЕЩЁ -10%,https://sokolov.ru/jewelry-catalog/product/121494/,8 000 руб. - 9 000 руб.
2024-06-05,Sokolov,1.17,10080.0,БК ПОДВЕС ДЕКОР,8615.0,Дополнительная скидка по акции «Готовимся к лету!» ЕЩЁ -20%,https://sokolov.ru/jewelry-catalog/product/121499/,8 000 руб. - 9 000 руб.
2024-06-05,Sokolov,1.17,12600.0,БК ПОДВЕС ДЕКОР,10769.0,нет скидочного купона,https://sokolov.ru/jewelry-catalog/product/121499?reviews/,свыше 10 000 руб.
2024-06-05,Sokolov,2.8,22176.0,БК ПОДВЕС ДЕКОР,7920.0,Дополнительная скидка по акции «Готовимся к лету!» ЕЩЁ -20%,https://sokolov.ru/jewelry-catalog/product/121500/,7 000 руб. - 8 000 руб.
2024-06-05,Sokolov,2.8,27720.0,БК ПОДВЕС ДЕКОР,9900.0,нет скидочного купона,https://sokolov.ru/jewelry-catalog/product/121500?reviews/,9 000 руб. - 10 000 руб.
2024-06-05,Sokolov,1.43,14700.0,БК ПОДВЕС ДЕКОР,10280.0,нет скидочного купона,https://sokolov.ru/jewelry-catalog/product/121501/,свыше 10 000 руб.
2024-06-05,Sokolov,0.45,5040.0,БК ПОДВЕС ДЕКОР,11200.0,нет скидочного купона,https://sokolov.ru/jewelry-catalog/product/121502/,свыше 10 000 руб.
2024-06-05,Sokolov,0.45,5040.0,БК ПОДВЕС ДЕКОР,11200.0,нет скидочного купона,https://sokolov.ru/jewelry-catalog/product/121502?reviews/,свыше 10 000 руб.
2024-06-05,Sokolov,0.76,7875.0,БК ПОДВЕС ДЕКОР,10362.0,нет скидочного купона,https://sokolov.ru/jewelry-catalog/product/121503/,свыше 10 000 руб.
2024-06-05,Sokolov,0.76,7875.0,БК ПОДВЕС ДЕКОР,10362.0,нет скидочного купона,https://sokolov.ru/jewelry-catalog/product/121503?reviews/,свыше 10 000 руб.
2024-06-05,Sokolov,1.64,15025.5,БК ПОДВЕС ДЕКОР,9162.0,Дополнительная скидка по акции «Готовимся к лету!» ЕЩЁ -10%,https://sokolov.ru/jewelry-catalog/product/121505/,9 000 руб. - 10 000 руб.
2024-06-05,Sokolov,2.69,26145.0,БК ПОДВЕС ДЕКОР,9719.0,нет скидочного купона,https://sokolov.ru/jewelry-catalog/product/121506/,9 000 руб. - 10 000 руб.
2024-06-05,Sokolov,0.75,5953.5,БК СЕРЬГИ,7938.0,Дополнительная скидка по акции «Готовимся к лету!» ЕЩЁ -10%,https://sokolov.ru/jewelry-catalog/product/170043/,7 000 руб. - 8 000 руб.
2024-06-05,Sokolov,3.51,33075.0,ЦБ БРАСЛЕТЫ,9423.0,нет скидочного купона,https://sokolov.ru/jewelry-catalog/product/552070702/,9 000 руб. - 10 000 руб.
2024-06-05,Sokolov,3.57,29295.0,ЦБ ЦЕПИ,8206.0,нет скидочного купона,https://sokolov.ru/jewelry-catalog/product/581150500/,8 000 руб. - 9 000 руб.
2024-06-05,Sokolov,2.89,16443.0,БК КОЛЬЦА,5690.0,Дополнительная скидка по акции «Готовимся к лету!» ЕЩЁ -10%,https://sokolov.ru/jewelry-catalog/product/011278-4/,5 500 руб. - 6 000 руб.
2024-06-05,Sokolov,2.66,18900.0,БК КОЛЬЦА,7105.0,нет скидочного купона,https://sokolov.ru/jewelry-catalog/product/017677/,7 000 руб. - 8 000 руб.
2024-06-05,Sokolov,1.96,12600.0,БК КОЛЬЦА,6429.0,нет скидочного купона,https://sokolov.ru/jewelry-catalog/product/018612-4/,6 000 руб. - 6 500 руб.
2024-06-05,Sokolov,2.05,16695.0,БК КОЛЬЦА,8144.0,нет скидочного купона,https://sokolov.ru/jewelry-catalog/product/018768-2/,8 000 руб. - 9 000 руб.
2024-06-05,Sokolov,4.42,43942.5,БК КОЛЬЦА,9942.0,Дополнительная скидка по акции «Готовимся к лету!» ЕЩЁ -10%,https://sokolov.ru/jewelry-catalog/product/018998-2/,9 000 руб. - 10 000 руб.
2024-06-05,Sokolov,2.58,18522.0,БК КОЛЬЦА,7179.0,Дополнительная скидка по акции «Готовимся к лету!» ЕЩЁ -10%,https://sokolov.ru/jewelry-catalog/product/019358/,7 000 руб. - 8 000 руб.
2024-06-05,Sokolov,3.46,28350.0,БК КОЛЬЦА,8194.0,Дополнительная скидка по акции «Готовимся к лету!» ЕЩЁ -10%,https://sokolov.ru/jewelry-catalog/product/019367/,8 000 руб. - 9 000 руб.
2024-06-05,Sokolov,4.15,31185.0,БК КОЛЬЦА,7514.0,Дополнительная скидка по акции «Готовимся к лету!» ЕЩЁ -10%,https://sokolov.ru/jewelry-catalog/product/019397/,7 000 руб. - 8 000 руб.
2024-06-05,Sokolov,0.71,6804.0,БК СЕРЬГИ,9583.0,Дополнительная скидка по акции «Готовимся к лету!» ЕЩЁ -10%,https://sokolov.ru/jewelry-catalog/product/0200125/,9 000 руб. - 10 000 руб.
2024-06-05,Sokolov,2.85,27720.0,БК СЕРЬГИ,9726.0,нет скидочного купона,https://sokolov.ru/jewelry-catalog/product/0200180-2/,9 000 руб. - 10 000 руб.
2024-06-05,Sokolov,2.37,20160.0,БК СЕРЬГИ,8506.0,нет скидочного купона,https://sokolov.ru/jewelry-catalog/product/0200182/,8 000 руб. - 9 000 руб.
2024-06-05,Sokolov,4.37,31185.0,БК СЕРЬГИ,7136.0,Дополнительная скидка по акции «Готовимся к лету!» ЕЩЁ -10%,https://sokolov.ru/jewelry-catalog/product/0200198/,7 000 руб. - 8 000 руб.
2024-06-05,Sokolov,1.19,9072.0,БК СЕРЬГИ,7624.0,Дополнительная скидка по акции «Готовимся к лету!» ЕЩЁ -10%,https://sokolov.ru/jewelry-catalog/product/0200211/,7 000 руб. - 8 000 руб.
2024-06-05,Sokolov,2.32,17577.0,БК СЕРЬГИ,7576.0,Дополнительная скидка по акции «Готовимся к лету!» ЕЩЁ -10%,https://sokolov.ru/jewelry-catalog/product/0200243/,7 000 руб. - 8 000 руб.
2024-06-05,Sokolov,2.9,26460.0,БК СЕРЬГИ,9124.0,нет скидочного купона,https://sokolov.ru/jewelry-catalog/product/0200296/,9 000 руб. - 10 000 руб.
2024-06-05,Sokolov,3.57,27216.0,БК СЕРЬГИ,7624.0,Дополнительная скидка по акции «Готовимся к лету!» ЕЩЁ -10%,https://sokolov.ru/jewelry-catalog/product/0200345/,7 000 руб. - 8 000 руб.
2024-06-05,Sokolov,3.72,36855.0,БК СЕРЬГИ,9907.0,Дополнительная скидка по акции «Готовимся к лету!» ЕЩЁ -10%,https://sokolov.ru/jewelry-catalog/product/0200389/,9 000 руб. - 10 000 руб.
2024-06-05,Sokolov,1.37,12096.0,БК СЕРЬГИ,8829.0,Дополнительная скидка по акции «Готовимся к лету!» ЕЩЁ -20%,https://sokolov.ru/jewelry-catalog/product/0200470-2/,8 000 руб. - 9 000 руб.
2024-06-05,Sokolov,2.94,24255.0,БК СЕРЬГИ,8250.0,нет скидочного купона,https://sokolov.ru/jewelry-catalog/product/026656/,8 000 руб. - 9 000 руб.
2024-06-05,Sokolov,2.6,21420.0,БК СЕРЬГИ,8238.0,нет скидочного купона,https://sokolov.ru/jewelry-catalog/product/027121-2/,8 000 руб. - 9 000 руб.
2024-06-05,Sokolov,2.27,18144.0,БК СЕРЬГИ,7993.0,Дополнительная скидка по акции «Готовимся к лету!» ЕЩЁ -10%,https://sokolov.ru/jewelry-catalog/product/027683/,7 000 руб. - 8 000 руб.
2024-06-05,Sokolov,2.48,19530.0,БК СЕРЬГИ,7875.0,нет скидочного купона,https://sokolov.ru/jewelry-catalog/product/028386/,7 000 руб. - 8 000 руб.
2024-06-05,Sokolov,3.73,24255.0,БК СЕРЬГИ,6503.0,нет скидочного купона,https://sokolov.ru/jewelry-catalog/product/028393-2/,6 500 руб. - 7 000 руб.
2024-06-05,Sokolov,1.3,10773.0,БК СЕРЬГИ,8287.0,Дополнительная скидка по акции «Готовимся к лету!» ЕЩЁ -10%,https://sokolov.ru/jewelry-catalog/product/028561-2/,8 000 руб. - 9 000 руб.
2024-06-05,Sokolov,2.25,17430.0,БК ПОДВЕС ДЕКОР,7747.0,нет скидочного купона,https://sokolov.ru/jewelry-catalog/product/036029/,7 000 руб. - 8 000 руб.
2024-06-05,Sokolov,3.97,32602.5,БК ПОДВЕС ДЕКОР,8212.0,Дополнительная скидка по акции «Готовимся к лету!» ЕЩЁ -10%,https://sokolov.ru/jewelry-catalog/product/036124/,8 000 руб. - 9 000 руб.
2024-06-05,Sokolov,0.82,9355.5,БК ПОДВЕС ДЕКОР,11409.0,Дополнительная скидка по акции «Готовимся к лету!» ЕЩЁ -10%,https://sokolov.ru/jewelry-catalog/product/036428/,свыше 10 000 руб.
2024-06-05,Sokolov,0.86,7654.5,БК ПОДВЕС ДЕКОР,8901.0,Дополнительная скидка по акции «Готовимся к лету!» ЕЩЁ -10%,https://sokolov.ru/jewelry-catalog/product/036567-2/,8 000 руб. - 9 000 руб.
2024-06-05,Sokolov,7.37,56700.0,ЦБ БРАСЛЕТЫ,7693.0,Дополнительная скидка по акции «Готовимся к лету!» ЕЩЁ -10%,https://sokolov.ru/jewelry-catalog/product/051143-2/,7 000 руб. - 8 000 руб.
2024-06-05,Sokolov,8.08,65205.0,ЦБ БРАСЛЕТЫ,8070.0,Дополнительная скидка по акции «Готовимся к лету!» ЕЩЁ -10%,https://sokolov.ru/jewelry-catalog/product/051146/,8 000 руб. - 9 000 руб.
2024-06-05,Sokolov,5.16,47250.0,ЦБ БРАСЛЕТЫ,9157.0,нет скидочного купона,https://sokolov.ru/jewelry-catalog/product/051442/,9 000 руб. - 10 000 руб.
2024-06-05,Sokolov,7.26,67725.0,ЦБ БРАСЛЕТЫ,9329.0,нет скидочного купона,https://sokolov.ru/jewelry-catalog/product/051448/,9 000 руб. - 10 000 руб.
2024-06-05,Sokolov,2.24,19845.0,БК КОЛЬЦА ОБРУЧ,8859.0,нет скидочного купона,https://sokolov.ru/jewelry-catalog/product/110030-2/,8 000 руб. - 9 000 руб.
2024-06-05,Sokolov,2.43,21420.0,БК КОЛЬЦА ОБРУЧ,8815.0,нет скидочного купона,https://sokolov.ru/jewelry-catalog/product/111200/,8 000 руб. - 9 000 руб.
2024-06-05,Sokolov,2.62,23625.0,БК КОЛЬЦА ОБРУЧ,9017.0,нет скидочного купона,https://sokolov.ru/jewelry-catalog/product/111224/,9 000 руб. - 10 000 руб.
2024-06-05,Sokolov,2.64,23625.0,БК КОЛЬЦА ОБРУЧ,8949.0,нет скидочного купона,https://sokolov.ru/jewelry-catalog/product/113093-01/,8 000 руб. - 9 000 руб.
2024-06-05,Sokolov,2.64,20475.0,БК КОЛЬЦА ОБРУЧ,7756.0,нет скидочного купона,https://sokolov.ru/jewelry-catalog/product/113211/,7 000 руб. - 8 000 руб.
2024-06-05,Sokolov,3.17,26775.0,БК КОЛЬЦА ОБРУЧ,8446.0,нет скидочного купона,https://sokolov.ru/jewelry-catalog/product/114110-02/,8 000 руб. - 9 000 руб.
2024-06-05,Sokolov,0.48,5953.5,БК ПОДВЕС КУЛЬТ,12403.0,Дополнительная скидка по акции «Готовимся к лету!» ЕЩЁ -10%,https://sokolov.ru/jewelry-catalog/product/121145-3/,свыше 10 000 руб.
2024-06-05,Sokolov,5.6,42525.0,БК СЕРЬГИ,7594.0,Дополнительная скидка по акции «Готовимся к лету!» ЕЩЁ -10%,https://sokolov.ru/jewelry-catalog/product/140017-2/,7 000 руб. - 8 000 руб.
2024-06-05,Sokolov,10.58,89775.0,ЦБ ЦЕПИ,8485.0,нет скидочного купона,https://sokolov.ru/jewelry-catalog/product/2113080/,8 000 руб. - 9 000 руб.
2024-06-05,Sokolov,1.05,12600.0,ЦБ БРАСЛЕТЫ,12000.0,нет скидочного купона,https://sokolov.ru/jewelry-catalog/product/552040502/,свыше 10 000 руб.
2024-06-05,Sokolov,9.2,77175.0,ЦБ ЦЕПИ,8389.0,нет скидочного купона,https://sokolov.ru/jewelry-catalog/product/581070502-2/,8 000 руб. - 9 000 руб.
2024-06-05,Sokolov,3.38,26365.5,БК КОЛЬЦА,7800.0,Дополнительная скидка по акции «Готовимся к лету!» ЕЩЁ -10%,https://sokolov.ru/jewelry-catalog/product/014024/,7 000 руб. - 8 000 руб.
2024-06-05,Sokolov,0.79,6804.0,БК КОЛЬЦА,8613.0,Дополнительная скидка по акции «Готовимся к лету!» ЕЩЁ -10%,https://sokolov.ru/jewelry-catalog/product/017172-2/,8 000 руб. - 9 000 руб.
2024-06-05,Sokolov,0.72,7560.0,БК КОЛЬЦА,10500.0,нет скидочного купона,https://sokolov.ru/jewelry-catalog/product/019433/,свыше 10 000 руб.
2024-06-05,Sokolov,1.05,9355.5,БК КОЛЬЦА,8910.0,Дополнительная скидка по акции «Готовимся к лету!» ЕЩЁ -10%,https://sokolov.ru/jewelry-catalog/product/019448/,8 000 руб. - 9 000 руб.
2024-06-05,Sokolov,1.22,10080.0,БК СЕРЬГИ,8262.0,Дополнительная скидка по акции «Готовимся к лету!» ЕЩЁ -20%,https://sokolov.ru/jewelry-catalog/product/0200056-2/,8 000 руб. - 9 000 руб.
2024-06-05,Sokolov,1.35,11340.0,БК СЕРЬГИ,8400.0,Дополнительная скидка по акции «Готовимся к лету!» ЕЩЁ -20%,https://sokolov.ru/jewelry-catalog/product/0200121-2/,8 000 руб. - 9 000 руб.
2024-06-05,Sokolov,2.66,23436.0,БК СЕРЬГИ,8811.0,Дополнительная скидка по акции «Готовимся к лету!» ЕЩЁ -20%,https://sokolov.ru/jewelry-catalog/product/0200422/,8 000 руб. - 9 000 руб.
2024-06-05,Sokolov,2.48,21420.0,БК СЕРЬГИ,8637.0,нет скидочного купона,https://sokolov.ru/jewelry-catalog/product/027196-2/,8 000 руб. - 9 000 руб.
2024-06-05,Sokolov,2.26,18270.0,БК СЕРЬГИ,8084.0,нет скидочного купона,https://sokolov.ru/jewelry-catalog/product/027925-2/,8 000 руб. - 9 000 руб.
2024-06-05,Sokolov,2.12,15309.0,БК СЕРЬГИ,7221.0,Дополнительная скидка по акции «Готовимся к лету!» ЕЩЁ -10%,https://sokolov.ru/jewelry-catalog/product/028022/,7 000 руб. - 8 000 руб.
2024-06-05,Sokolov,2.72,20790.0,БК СЕРЬГИ,7643.0,нет скидочного купона,https://sokolov.ru/jewelry-catalog/product/028362/,7 000 руб. - 8 000 руб.
2024-06-05,Sokolov,3.41,29767.5,БК СЕРЬГИ,8729.0,Дополнительная скидка по акции «Готовимся к лету!» ЕЩЁ -10%,https://sokolov.ru/jewelry-catalog/product/029894/,8 000 руб. - 9 000 руб.
2024-06-05,Sokolov,0.79,7875.0,БК ПОДВЕС ДЕКОР,9968.0,нет скидочного купона,https://sokolov.ru/jewelry-catalog/product/033907-2/,9 000 руб. - 10 000 руб.
2024-06-05,Sokolov,1.55,15120.0,БК ПОДВЕС ДЕКОР,9755.0,нет скидочного купона,https://sokolov.ru/jewelry-catalog/product/035050/,9 000 руб. - 10 000 руб.
2024-06-05,Sokolov,1.55,16695.0,БК ПОДВЕС ДЕКОР,10771.0,нет скидочного купона,https://sokolov.ru/jewelry-catalog/product/035931/,свыше 10 000 руб.
2024-06-05,Sokolov,1.35,12600.0,ЦБ БРАСЛЕТЫ,9333.0,нет скидочного купона,https://sokolov.ru/jewelry-catalog/product/050506/,9 000 руб. - 10 000 руб.
2024-06-05,Sokolov,1.77,22050.0,ЦБ БРАСЛЕТЫ,12458.0,нет скидочного купона,https://sokolov.ru/jewelry-catalog/product/050900-2/,свыше 10 000 руб.
2024-06-05,Sokolov,2.12,17640.0,ЦБ БРАСЛЕТЫ,8321.0,Дополнительная скидка по акции «Готовимся к лету!» ЕЩЁ -20%,https://sokolov.ru/jewelry-catalog/product/051049/,8 000 руб. - 9 000 руб.
2024-06-05,Sokolov,3.5,24948.0,ЦБ БРАСЛЕТЫ,7128.0,Дополнительная скидка по акции «Готовимся к лету!» ЕЩЁ -10%,https://sokolov.ru/jewelry-catalog/product/051082/,7 000 руб. - 8 000 руб.
2024-06-05,Sokolov,0.87,6804.0,ЦБ БРАСЛЕТЫ,7821.0,Дополнительная скидка по акции «Готовимся к лету!» ЕЩЁ -10%,https://sokolov.ru/jewelry-catalog/product/051418/,7 000 руб. - 8 000 руб.
2024-06-05,Sokolov,1.89,9450.0,БК КОЛЬЦА ОБРУЧ,5000.0,нет скидочного купона,https://sokolov.ru/jewelry-catalog/product/10038-001/,до 5 500 руб.
2024-06-05,Sokolov,1.22,5670.0,БК КОЛЬЦА ОБРУЧ,4648.0,нет скидочного купона,https://sokolov.ru/jewelry-catalog/product/110188-4/,до 5 500 руб.
2024-06-05,Sokolov,3.69,31500.0,БК КОЛЬЦА ОБРУЧ,8537.0,нет скидочного купона,https://sokolov.ru/jewelry-catalog/product/111218/,8 000 руб. - 9 000 руб.
2024-06-05,Sokolov,3.62,24948.0,БК ПОДВЕС КУЛЬТ,6892.0,Дополнительная скидка по акции «Готовимся к лету!» ЕЩЁ -10%,https://sokolov.ru/jewelry-catalog/product/121029/,6 500 руб. - 7 000 руб.
2024-06-05,Sokolov,0.49,5386.5,БК ПОДВЕС ДЕКОР,10993.0,Дополнительная скидка по акции «Готовимся к лету!» ЕЩЁ -10%,https://sokolov.ru/jewelry-catalog/product/121497/,свыше 10 000 руб.
2024-06-05,Sokolov,0.58,5355.0,БК СЕРЬГИ,9233.0,нет скидочного купона,https://sokolov.ru/jewelry-catalog/product/140001-2/,9 000 руб. - 10 000 руб.
2024-06-05,Sokolov,2.04,9135.0,БК СЕРЬГИ,4478.0,нет скидочного купона,https://sokolov.ru/jewelry-catalog/product/140004-4/,до 5 500 руб.
2024-06-05,Sokolov,3.47,27720.0,ЦБ ЦЕПИ,7988.0,нет скидочного купона,https://sokolov.ru/jewelry-catalog/product/2120030/,7 000 руб. - 8 000 руб.
2024-06-05,Sokolov,4.73,44100.0,ЦБ ЦЕПИ,9323.0,нет скидочного купона,https://sokolov.ru/jewelry-catalog/product/2122060-3/,9 000 руб. - 10 000 руб.
2024-06-05,Sokolov,4.65,36855.0,ЦБ БРАСЛЕТЫ,7926.0,Дополнительная скидка по акции «Готовимся к лету!» ЕЩЁ -10%,https://sokolov.ru/jewelry-catalog/product/051442-2/,7 000 руб. - 8 000 руб.
2024-06-05,Sokolov,2.01,18900.0,БК ПОДВЕС ДЕКОР,9403.0,нет скидочного купона,https://sokolov.ru/jewelry-catalog/product/121343-3/,9 000 руб. - 10 000 руб.
2024-06-05,Sokolov,2.81,21262.5,БК СЕРЬГИ,7567.0,Дополнительная скидка по акции «Готовимся к лету!» ЕЩЁ -10%,https://sokolov.ru/jewelry-catalog/product/028374/,7 000 руб. - 8 000 руб.
2024-06-05,Sokolov,0.68,5796.0,БК КОЛЬЦА,8524.0,Дополнительная скидка по акции «Готовимся к лету!» ЕЩЁ -20%,https://sokolov.ru/jewelry-catalog/product/017128/,8 000 руб. - 9 000 руб.
2024-06-05,Sokolov,1.57,15120.0,БК КОЛЬЦА,9631.0,нет скидочного купона,https://sokolov.ru/jewelry-catalog/product/017310-2/,9 000 руб. - 10 000 руб.
2024-06-05,Sokolov,2.19,17325.0,БК КОЛЬЦА,7911.0,нет скидочного купона,https://sokolov.ru/jewelry-catalog/product/018282-2/,7 000 руб. - 8 000 руб.
2024-06-05,Sokolov,1.49,11900.0,БК КОЛЬЦА,7987.0,нет скидочного купона,https://sokolov.ru/jewelry-catalog/product/018343/,7 000 руб. - 8 000 руб.
2024-06-05,Sokolov,1.38,11970.0,БК КОЛЬЦА,8674.0,нет скидочного купона,https://sokolov.ru/jewelry-catalog/product/018343-2/,8 000 руб. - 9 000 руб.
2024-06-05,Sokolov,2.35,16380.0,БК КОЛЬЦА,6970.0,нет скидочного купона,https://sokolov.ru/jewelry-catalog/product/018410-2/,6 500 руб. - 7 000 руб.
2024-06-05,Sokolov,3.12,26775.0,БК КОЛЬЦА,8582.0,нет скидочного купона,https://sokolov.ru/jewelry-catalog/product/018648-2/,8 000 руб. - 9 000 руб.
2024-06-05,Sokolov,2.23,17010.0,БК КОЛЬЦА,7628.0,Дополнительная скидка по акции «Готовимся к лету!» ЕЩЁ -10%,https://sokolov.ru/jewelry-catalog/product/018668-2/,7 000 руб. - 8 000 руб.
2024-06-05,Sokolov,2.21,18270.0,БК КОЛЬЦА,8267.0,нет скидочного купона,https://sokolov.ru/jewelry-catalog/product/018686-2/,8 000 руб. - 9 000 руб.
2024-06-05,Sokolov,2.09,18270.0,БК КОЛЬЦА,8742.0,нет скидочного купона,https://sokolov.ru/jewelry-catalog/product/018686-3/,8 000 руб. - 9 000 руб.
2024-06-05,Sokolov,2.29,12096.0,БК КОЛЬЦА,5282.0,Дополнительная скидка по акции «Готовимся к лету!» ЕЩЁ -20%,https://sokolov.ru/jewelry-catalog/product/018741-4/,до 5 500 руб.
2024-06-05,Sokolov,1.79,13230.0,БК КОЛЬЦА,7391.0,нет скидочного купона,https://sokolov.ru/jewelry-catalog/product/018848-3/,7 000 руб. - 8 000 руб.
2024-06-05,Sokolov,1.51,9922.5,БК КОЛЬЦА,6571.0,Дополнительная скидка по акции «Готовимся к лету!» ЕЩЁ -10%,https://sokolov.ru/jewelry-catalog/product/018860-3/,6 500 руб. - 7 000 руб.
2024-06-05,Sokolov,2.15,18270.0,БК КОЛЬЦА,8498.0,нет скидочного купона,https://sokolov.ru/jewelry-catalog/product/018930-2/,8 000 руб. - 9 000 руб.
2024-06-05,Sokolov,2.02,18270.0,БК КОЛЬЦА,9045.0,нет скидочного купона,https://sokolov.ru/jewelry-catalog/product/018932-2/,9 000 руб. - 10 000 руб.
2024-06-05,Sokolov,3.47,26145.0,БК КОЛЬЦА,7535.0,нет скидочного купона,https://sokolov.ru/jewelry-catalog/product/019019/,7 000 руб. - 8 000 руб.
2024-06-05,Sokolov,2.46,22050.0,БК КОЛЬЦА,8963.0,нет скидочного купона,https://sokolov.ru/jewelry-catalog/product/019184-2/,8 000 руб. - 9 000 руб.
2024-06-05,Sokolov,1.03,8943.2,БК КОЛЬЦА,8683.0,Дополнительная скидка по акции «Готовимся к лету!» ЕЩЁ -20%,https://sokolov.ru/jewelry-catalog/product/019238-2/,8 000 руб. - 9 000 руб.
2024-06-05,Sokolov,1.85,16443.0,БК КОЛЬЦА,8888.0,Дополнительная скидка по акции «Готовимся к лету!» ЕЩЁ -10%,https://sokolov.ru/jewelry-catalog/product/019270-2/,8 000 руб. - 9 000 руб.
2024-06-05,Sokolov,1.16,9922.5,БК КОЛЬЦА,8554.0,Дополнительная скидка по акции «Готовимся к лету!» ЕЩЁ -10%,https://sokolov.ru/jewelry-catalog/product/019272/,8 000 руб. - 9 000 руб.
2024-06-05,Sokolov,2.0,15876.0,БК КОЛЬЦА,7938.0,Дополнительная скидка по акции «Готовимся к лету!» ЕЩЁ -20%,https://sokolov.ru/jewelry-catalog/product/019274-2/,7 000 руб. - 8 000 руб.
2024-06-05,Sokolov,1.97,17325.0,БК КОЛЬЦА,8794.0,нет скидочного купона,https://sokolov.ru/jewelry-catalog/product/019338/,8 000 руб. - 9 000 руб.
2024-06-05,Sokolov,3.06,24948.0,БК КОЛЬЦА,8153.0,Дополнительная скидка по акции «Готовимся к лету!» ЕЩЁ -10%,https://sokolov.ru/jewelry-catalog/product/019339-2/,8 000 руб. - 9 000 руб.
2024-06-05,Sokolov,2.75,26775.0,БК КОЛЬЦА,9736.0,нет скидочного купона,https://sokolov.ru/jewelry-catalog/product/019342-2/,9 000 руб. - 10 000 руб.
2024-06-05,Sokolov,2.75,21420.0,БК КОЛЬЦА,7789.0,нет скидочного купона,https://sokolov.ru/jewelry-catalog/product/019374/,7 000 руб. - 8 000 руб.
2024-06-05,Sokolov,4.11,30870.0,БК КОЛЬЦА,7511.0,нет скидочного купона,https://sokolov.ru/jewelry-catalog/product/019393/,7 000 руб. - 8 000 руб.
2024-06-05,Sokolov,4.59,37800.0,БК КОЛЬЦА,8235.0,Дополнительная скидка по акции «Готовимся к лету!» ЕЩЁ -20%,https://sokolov.ru/jewelry-catalog/product/019395/,8 000 руб. - 9 000 руб.
2024-06-05,Sokolov,3.62,28350.0,БК КОЛЬЦА,7831.0,Дополнительная скидка по акции «Готовимся к лету!» ЕЩЁ -10%,https://sokolov.ru/jewelry-catalog/product/019402-2/,7 000 руб. - 8 000 руб.
2024-06-05,Sokolov,2.26,17640.0,БК КОЛЬЦА,7805.0,Дополнительная скидка по акции «Готовимся к лету!» ЕЩЁ -20%,https://sokolov.ru/jewelry-catalog/product/019403-2/,7 000 руб. - 8 000 руб.
2024-06-05,Sokolov,3.12,29295.0,БК КОЛЬЦА,9389.0,нет скидочного купона,https://sokolov.ru/jewelry-catalog/product/019432/,9 000 руб. - 10 000 руб.
2024-06-05,Sokolov,2.76,21000.0,БК КОЛЬЦА,7609.0,нет скидочного купона,https://sokolov.ru/jewelry-catalog/product/019434/,7 000 руб. - 8 000 руб.
2024-06-05,Sokolov,2.51,22176.0,БК КОЛЬЦА,8835.0,Дополнительная скидка по акции «Готовимся к лету!» ЕЩЁ -20%,https://sokolov.ru/jewelry-catalog/product/019530-2/,8 000 руб. - 9 000 руб.
2024-06-05,Sokolov,2.8,25956.0,БК КОЛЬЦА,9270.0,Дополнительная скидка по акции «Готовимся к лету!» ЕЩЁ -20%,https://sokolov.ru/jewelry-catalog/product/019536-2/,9 000 руб. - 10 000 руб.
2024-06-05,Sokolov,1.8,17325.0,БК СЕРЬГИ,9625.0,нет скидочного купона,https://sokolov.ru/jewelry-catalog/product/0200047-2/,9 000 руб. - 10 000 руб.
2024-06-05,Sokolov,2.36,22113.0,БК СЕРЬГИ,9370.0,Дополнительная скидка по акции «Готовимся к лету!» ЕЩЁ -10%,https://sokolov.ru/jewelry-catalog/product/0200053-2/,9 000 руб. - 10 000 руб.
2024-06-05,Sokolov,3.02,25200.0,БК СЕРЬГИ,8344.0,нет скидочного купона,https://sokolov.ru/jewelry-catalog/product/0200096/,8 000 руб. - 9 000 руб.
2024-06-05,Sokolov,0.71,6048.0,БК СЕРЬГИ,8518.0,Дополнительная скидка по акции «Готовимся к лету!» ЕЩЁ -20%,https://sokolov.ru/jewelry-catalog/product/0200125-2/,8 000 руб. - 9 000 руб.
2024-06-05,Sokolov,0.68,6930.0,БК СЕРЬГИ,10191.0,нет скидочного купона,https://sokolov.ru/jewelry-catalog/product/0200151-2/,свыше 10 000 руб.
2024-06-05,Sokolov,1.86,15876.0,БК СЕРЬГИ,8535.0,Дополнительная скидка по акции «Готовимся к лету!» ЕЩЁ -10%,https://sokolov.ru/jewelry-catalog/product/0200156-2/,8 000 руб. - 9 000 руб.
2024-06-05,Sokolov,2.55,26145.0,БК СЕРЬГИ,10253.0,нет скидочного купона,https://sokolov.ru/jewelry-catalog/product/0200213-2/,свыше 10 000 руб.
2024-06-05,Sokolov,1.05,10080.0,БК СЕРЬГИ,9600.0,нет скидочного купона,https://sokolov.ru/jewelry-catalog/product/0200248/,9 000 руб. - 10 000 руб.
2024-06-05,Sokolov,2.42,24097.5,БК СЕРЬГИ,9958.0,Дополнительная скидка по акции «Готовимся к лету!» ЕЩЁ -10%,https://sokolov.ru/jewelry-catalog/product/0200257-2/,9 000 руб. - 10 000 руб.
2024-06-05,Sokolov,4.42,36855.0,БК СЕРЬГИ,8338.0,Дополнительная скидка по акции «Готовимся к лету!» ЕЩЁ -10%,https://sokolov.ru/jewelry-catalog/product/0200266/,8 000 руб. - 9 000 руб.
2024-06-05,Sokolov,2.1,17136.0,БК СЕРЬГИ,8160.0,Дополнительная скидка по акции «Готовимся к лету!» ЕЩЁ -20%,https://sokolov.ru/jewelry-catalog/product/0200324/,8 000 руб. - 9 000 руб.
2024-06-05,Sokolov,5.3,51660.0,БК СЕРЬГИ,9747.0,нет скидочного купона,https://sokolov.ru/jewelry-catalog/product/0200327/,9 000 руб. - 10 000 руб.
2024-06-05,Sokolov,1.06,11025.0,БК СЕРЬГИ,10401.0,нет скидочного купона,https://sokolov.ru/jewelry-catalog/product/0200329-2/,свыше 10 000 руб.
2024-06-05,Sokolov,1.06,7371.0,БК СЕРЬГИ,6954.0,Дополнительная скидка по акции «Готовимся к лету!» ЕЩЁ -10%,https://sokolov.ru/jewelry-catalog/product/020095-2/,6 500 руб. - 7 000 руб.
2024-06-05,Sokolov,0.86,8360.1,БК СЕРЬГИ,9721.0,Дополнительная скидка по акции «Готовимся к лету!» ЕЩЁ -10%,https://sokolov.ru/jewelry-catalog/product/020604-2/,9 000 руб. - 10 000 руб.
2024-06-05,Sokolov,3.29,26460.0,БК СЕРЬГИ,8043.0,нет скидочного купона,https://sokolov.ru/jewelry-catalog/product/020816/,8 000 руб. - 9 000 руб.
2024-06-05,Sokolov,1.16,8820.0,БК СЕРЬГИ,7603.0,нет скидочного купона,https://sokolov.ru/jewelry-catalog/product/022379/,7 000 руб. - 8 000 руб.
2024-06-05,Sokolov,1.02,8820.0,БК СЕРЬГИ,8647.0,Дополнительная скидка по акции «Готовимся к лету!» ЕЩЁ -20%,https://sokolov.ru/jewelry-catalog/product/022574-2/,8 000 руб. - 9 000 руб.
2024-06-05,Sokolov,5.65,45360.0,БК СЕРЬГИ,8028.0,Дополнительная скидка по акции «Готовимся к лету!» ЕЩЁ -10%,https://sokolov.ru/jewelry-catalog/product/022641/,8 000 руб. - 9 000 руб.
2024-06-05,Sokolov,1.12,8820.0,БК СЕРЬГИ,7875.0,нет скидочного купона,https://sokolov.ru/jewelry-catalog/product/025373-2/,7 000 руб. - 8 000 руб.
2024-06-05,Sokolov,1.08,7560.0,БК СЕРЬГИ,7000.0,нет скидочного купона,https://sokolov.ru/jewelry-catalog/product/026582-2/,6 500 руб. - 7 000 руб.
2024-06-05,Sokolov,5.3,42525.0,БК СЕРЬГИ,8024.0,Дополнительная скидка по акции «Готовимся к лету!» ЕЩЁ -10%,https://sokolov.ru/jewelry-catalog/product/026747-2/,8 000 руб. - 9 000 руб.
2024-06-05,Sokolov,2.41,18711.0,БК СЕРЬГИ,7764.0,Дополнительная скидка по акции «Готовимся к лету!» ЕЩЁ -10%,https://sokolov.ru/jewelry-catalog/product/026751/,7 000 руб. - 8 000 руб.
2024-06-05,Sunlight,2.36,20990.0,БК СЕРЬГИ,8894.0,ХИТ-цена,https://sunlight.net/catalog/earring_235978.html,8 000 руб. - 9 000 руб.
2024-06-05,Sunlight,0.77,6490.0,БК СЕРЬГИ,8429.0,ХИТ-цена,https://sunlight.net/catalog/earring_51498.html,8 000 руб. - 9 000 руб.
2024-06-05,Sunlight,0.26,2490.0,БК ПОДВЕС КУЛЬТ,9577.0,ХИТ-цена,https://sunlight.net/catalog/pendants_75809.html,9 000 руб. - 10 000 руб.
2024-06-05,Sunlight,0.21,1990.0,БК ПОДВЕС ДЕКОР,9476.0,ХИТ-цена,https://sunlight.net/catalog/pendants_993847.html,9 000 руб. - 10 000 руб.
2024-06-05,Sunlight,1.04,10490.0,БК СЕРЬГИ,10087.0,ХИТ-цена,https://sunlight.net/catalog/earring_271510.html,свыше 10 000 руб.
2024-06-05,Sunlight,0.87,6495.0,БК КОЛЬЦА ОБРУЧ,7466.0,ХИТ-цена,https://sunlight.net/catalog/ring_42370.html,7 000 руб. - 8 000 руб.
2024-06-05,Sunlight,2.08,22954.0,БК СЕРЬГИ,11036.0,"Цены ниже! Ещё -20%, код: НОЧЬ до 11:00",https://sunlight.net/catalog/earring_82998.html,свыше 10 000 руб.
2024-06-05,Sunlight,1.59,13995.0,БК КОЛЬЦА ОБРУЧ,8802.0,ХИТ-цена,https://sunlight.net/catalog/ring_35937.html,8 000 руб. - 9 000 руб.
2024-06-05,Sunlight,3.2,18528.0,ЦБ ЦЕПИ,5790.0,ХИТ-цена,https://sunlight.net/catalog/chains_35525.html,5 500 руб. - 6 000 руб.
2024-06-05,Sunlight,6.35,33592.0,ЦБ ЦЕПИ,5290.0,"ХИТ-цена, Выгодно! Золото 5 290 р/г",https://sunlight.net/catalog/chains_46797.html,до 5 500 руб.
2024-06-05,Sunlight,0.44,3790.0,БК ПОДВЕС ДЕКОР,8614.0,ХИТ-цена,https://sunlight.net/catalog/pendants_65775.html,8 000 руб. - 9 000 руб.
2024-06-05,Sunlight,0.74,6990.0,БК СЕРЬГИ,9446.0,ХИТ-цена,https://sunlight.net/catalog/earring_46707.html,9 000 руб. - 10 000 руб.
2024-06-05,Sunlight,3.22,21911.0,БК КОЛЬЦА,6805.0,"Цены ниже! Ещё -10%, код: НОЧЬ до 11:00",https://sunlight.net/catalog/ring_256231.html,6 500 руб. - 7 000 руб.
2024-06-05,Sunlight,2.85,21722.0,БК КОЛЬЦА,7622.0,"Цены ниже! Ещё -10%, код: НОЧЬ до 11:00",https://sunlight.net/catalog/ring_343552.html,7 000 руб. - 8 000 руб.
2024-06-05,Sunlight,0.73,5490.0,БК СЕРЬГИ,7521.0,ХИТ-цена,https://sunlight.net/catalog/earring_91078.html,7 000 руб. - 8 000 руб.
2024-06-05,Sunlight,0.78,5944.0,БК ПОДВЕС КУЛЬТ,7621.0,"Цены ниже! Ещё -15%, код: НОЧЬ до 11:00",https://sunlight.net/catalog/pendants_88213.html,7 000 руб. - 8 000 руб.
2024-06-05,Sunlight,6.23,36072.0,ЦБ ЦЕПИ,5790.0,"ХИТ-цена, Выгодно! Золото 5 290 р/г",https://sunlight.net/catalog/chains_84022.html,5 500 руб. - 6 000 руб.
2024-06-05,Sunlight,0.44,3990.0,БК ПОДВЕС КУЛЬТ,9068.0,ХИТ-цена,https://sunlight.net/catalog/pendants_288514.html,9 000 руб. - 10 000 руб.
2024-06-05,Sunlight,0.44,3490.0,БК ПОДВЕС КУЛЬТ,7932.0,ХИТ-цена,https://sunlight.net/catalog/pendants_74528.html,7 000 руб. - 8 000 руб.
2024-06-05,Sunlight,0.71,5208.0,БК КОЛЬЦА,7335.0,"Цены ниже! Ещё -20%, код: НОЧЬ до 11:00",https://sunlight.net/catalog/ring_275727.html,7 000 руб. - 8 000 руб.
2024-06-05,Sunlight,3.5,26600.0,БК КОЛЬЦА,7600.0,ХИТ-цена,https://sunlight.net/catalog/ring_83867.html,7 000 руб. - 8 000 руб.
2024-06-05,Sunlight,0.48,4490.0,БК СЕРЬГИ,9354.0,ХИТ-цена,https://sunlight.net/catalog/earring246395.html,9 000 руб. - 10 000 руб.
2024-06-05,Sunlight,1.1,9990.0,БК СЕРЬГИ,9082.0,ХИТ-цена,https://sunlight.net/catalog/earring_271409.html,9 000 руб. - 10 000 руб.
2024-06-05,Sunlight,2.45,19594.0,БК ПОДВЕС КУЛЬТ,7998.0,"Цены ниже! Ещё -20%, код: НОЧЬ до 11:00",https://sunlight.net/catalog/pendants_156366.html,7 000 руб. - 8 000 руб.
2024-06-05,Sunlight,0.99,7990.0,БК ПОДВЕС КУЛЬТ,8071.0,ХИТ-цена,https://sunlight.net/catalog/pendants_74404.html,8 000 руб. - 9 000 руб.
2024-06-05,Sunlight,5.66,32771.0,ЦБ БРАСЛЕТЫ,5790.0,ХИТ-цена,https://sunlight.net/catalog/bracelets_53964.html,5 500 руб. - 6 000 руб.
2024-06-05,Sunlight,1.02,8394.0,БК ПОДВЕС КУЛЬТ,8229.0,"Цены ниже! Ещё -20%, код: НОЧЬ до 11:00",https://sunlight.net/catalog/pendants_88203.html,8 000 руб. - 9 000 руб.
2024-06-05,Sunlight,2.46,15965.0,ЦБ ЦЕПИ,6490.0,ХИТ-цена,https://sunlight.net/catalog/chains_56084.html,6 000 руб. - 6 500 руб.
2024-06-05,Sunlight,2.02,14544.0,БК КОЛЬЦА,7200.0,ХИТ-цена,https://sunlight.net/catalog/ring_254888.html,7 000 руб. - 8 000 руб.
2024-06-05,Sunlight,14.38,83260.0,ЦБ ЦЕПИ,5790.0,"ХИТ-цена, Выгодно! Золото 5 290 р/г",https://sunlight.net/catalog/chains_111008.html,5 500 руб. - 6 000 руб.
2024-06-05,Sunlight,1.19,8394.0,БК ПОДВЕС КУЛЬТ,7054.0,"Цены ниже! Ещё -20%, код: НОЧЬ до 11:00",https://sunlight.net/catalog/pendants_93026.html,7 000 руб. - 8 000 руб.
2024-06-05,Sunlight,1.02,8490.0,БК СЕРЬГИ,8324.0,ХИТ-цена,https://sunlight.net/catalog/earring_49047.html,8 000 руб. - 9 000 руб.
2024-06-05,Sunlight,43.73,253197.0,ЦБ ЦЕПИ,5790.0,ХИТ-цена,https://sunlight.net/catalog/chains_117517.html,5 500 руб. - 6 000 руб.
2024-06-05,Sunlight,5.13,33294.0,ЦБ ЦЕПИ,6490.0,ХИТ-цена,https://sunlight.net/catalog/chains_303047.html,6 000 руб. - 6 500 руб.
2024-06-05,Sunlight,0.57,3862.0,БК ПОДВЕС КУЛЬТ,6775.0,"Цены ниже! Ещё -15%, код: НОЧЬ до 11:00",https://sunlight.net/catalog/pendants_276739.html,6 500 руб. - 7 000 руб.
2024-06-05,Sunlight,0.53,4474.0,БК СЕРЬГИ,8442.0,"Цены ниже! Ещё -20%, код: НОЧЬ до 11:00",https://sunlight.net/catalog/earring_290549.html,8 000 руб. - 9 000 руб.
2024-06-05,Sunlight,2.33,14213.0,БК КОЛЬЦА ОБРУЧ,6100.0,ХИТ-цена,https://sunlight.net/catalog/ring_330252.html,6 000 руб. - 6 500 руб.
2024-06-05,Sunlight,2.49,18667.0,БК КОЛЬЦА,7497.0,"Цены ниже! Ещё -10%, код: НОЧЬ до 11:00",https://sunlight.net/catalog/ring_330994.html,7 000 руб. - 8 000 руб.
2024-06-05,Sunlight,2.95,17670.0,ЦБ БРАСЛЕТЫ,5990.0,ХИТ-цена,https://sunlight.net/catalog/bracelets_52670.html,5 500 руб. - 6 000 руб.
2024-06-05,Sunlight,13.72,89043.0,ЦБ ЦЕПИ,6490.0,ХИТ-цена,https://sunlight.net/catalog/chains_54817.html,6 000 руб. - 6 500 руб.
2024-06-05,Sunlight,5.69,35278.0,БК КОЛЬЦА ОБРУЧ,6200.0,ХИТ-цена,https://sunlight.net/catalog/ring_329770.html,6 000 руб. - 6 500 руб.
2024-06-05,Sunlight,1.0,6990.0,ЦБ БРАСЛЕТЫ,6990.0,ХИТ-цена,https://sunlight.net/catalog/bracelets_144805.html,6 500 руб. - 7 000 руб.
2024-06-05,Sunlight,1.45,11194.0,БК СЕРЬГИ,7720.0,"Цены ниже! Ещё -20%, код: НОЧЬ до 11:00",https://sunlight.net/catalog/earring_244045.html,7 000 руб. - 8 000 руб.
2024-06-05,Sunlight,0.27,2346.0,БК СЕРЬГИ,8689.0,"Цены ниже! Ещё -20%, код: НОЧЬ до 11:00",https://sunlight.net/catalog/one_earring_80429.html,8 000 руб. - 9 000 руб.
2024-06-05,Sunlight,1.59,12874.0,БК ПОДВЕС КУЛЬТ,8097.0,"Цены ниже! Ещё -20%, код: НОЧЬ до 11:00",https://sunlight.net/catalog/pendants_93028.html,8 000 руб. - 9 000 руб.
2024-06-05,Sunlight,1.23,10074.0,БК ПОДВЕС КУЛЬТ,8190.0,"Цены ниже! Ещё -20%, код: НОЧЬ до 11:00",https://sunlight.net/catalog/pendants_107012.html,8 000 руб. - 9 000 руб.
2024-06-05,Sunlight,0.52,7990.0,БК СЕРЬГИ,15365.0,ХИТ-цена,https://sunlight.net/catalog/earring_177404.html,свыше 10 000 руб.
2024-06-05,Sunlight,0.7,5944.0,БК ПОДВЕС ДЕКОР,8491.0,"Цены ниже! Ещё -15%, код: НОЧЬ до 11:00",https://sunlight.net/catalog/pendants_335862.html,8 000 руб. - 9 000 руб.
2024-06-05,Sunlight,0.14,1290.0,БК ПОДВЕС ДЕКОР,9214.0,ХИТ-цена,https://sunlight.net/catalog/pendants_268554.html,9 000 руб. - 10 000 руб.
2024-06-05,Sunlight,18.13,95908.0,ЦБ ЦЕПИ,5290.0,"ХИТ-цена, Выгодно! Золото 5 290 р/г",https://sunlight.net/catalog/chains_152609.html,до 5 500 руб.
2024-06-05,Sunlight,8.67,50199.0,ЦБ БРАСЛЕТЫ,5790.0,ХИТ-цена,https://sunlight.net/catalog/bracelets_82792.html,5 500 руб. - 6 000 руб.
2024-06-05,Sunlight,39.5,228705.0,ЦБ ЦЕПИ,5790.0,ХИТ-цена,https://sunlight.net/catalog/chains_111009.html,5 500 руб. - 6 000 руб.
2024-06-05,Sunlight,3.34,22724.0,БК КОЛЬЦА,6804.0,"Цены ниже! Ещё -10%, код: НОЧЬ до 11:00",https://sunlight.net/catalog/ring_256217.html,6 500 руб. - 7 000 руб.
2024-06-05,Sunlight,5.18,35570.0,БК КОЛЬЦА,6867.0,"Цены ниже! Ещё -10%, код: НОЧЬ до 11:00",https://sunlight.net/catalog/ring_99554.html,6 500 руб. - 7 000 руб.
2024-06-05,Sunlight,28.22,149284.0,ЦБ ЦЕПИ,5290.0,"ХИТ-цена, Выгодно! Золото 5 290 р/г",https://sunlight.net/catalog/chains_92753.html,до 5 500 руб.
2024-06-05,Sunlight,1.67,10354.0,БК КОЛЬЦА ОБРУЧ,6200.0,ХИТ-цена,https://sunlight.net/catalog/ring_35925.html,6 000 руб. - 6 500 руб.
2024-06-05,Sunlight,0.61,4490.0,БК ПОДВЕС КУЛЬТ,7361.0,ХИТ-цена,https://sunlight.net/catalog/pendants_88201.html,7 000 руб. - 8 000 руб.
2024-06-05,Sunlight,1.91,11299.0,БК СЕРЬГИ,5916.0,"Цены ниже! Ещё -15%, код: НОЧЬ до 11:00",https://sunlight.net/catalog/earring_258373.html,5 500 руб. - 6 000 руб.
2024-06-05,Sunlight,1.93,18439.0,БК СЕРЬГИ,9554.0,"Цены ниже! Ещё -15%, код: НОЧЬ до 11:00",https://sunlight.net/catalog/earring_280242.html,9 000 руб. - 10 000 руб.
2024-06-05,Sunlight,0.63,4404.0,БК ПОДВЕС ДЕКОР,6990.0,"Цены ниже! Ещё -10%, код: НОЧЬ до 11:00",https://sunlight.net/catalog/pendants_276740.html,6 500 руб. - 7 000 руб.
2024-06-05,Sunlight,2.21,16172.0,БК КОЛЬЦА,7318.0,"Цены ниже! Ещё -15%, код: НОЧЬ до 11:00",https://sunlight.net/catalog/ring_276970.html,7 000 руб. - 8 000 руб.
2024-06-05,Sunlight,1.49,11194.0,БК ПОДВЕС ДЕКОР,7513.0,"Цены ниже! Ещё -20%, код: НОЧЬ до 11:00",https://sunlight.net/catalog/pendants_268707.html,7 000 руб. - 8 000 руб.
2024-06-05,Sunlight,5.35,37076.0,БК КОЛЬЦА,6930.0,"Цены ниже! Ещё -10%, код: НОЧЬ до 11:00",https://sunlight.net/catalog/ring_83868.html,6 500 руб. - 7 000 руб.
2024-06-05,Sunlight,1.15,9990.0,БК СЕРЬГИ,8687.0,ХИТ-цена,https://sunlight.net/catalog/earring_99880.html,8 000 руб. - 9 000 руб.
2024-06-05,Sunlight,1.53,13990.0,БК КОЛЬЦА ОБРУЧ,9144.0,ХИТ-цена,https://sunlight.net/catalog/ring_280118.html,9 000 руб. - 10 000 руб.
2024-06-05,Sunlight,1.03,7432.0,БК ПОДВЕС КУЛЬТ,7216.0,"Цены ниже! Ещё -15%, код: НОЧЬ до 11:00",https://sunlight.net/catalog/pendants_276735.html,7 000 руб. - 8 000 руб.
2024-06-05,Sunlight,0.45,3990.0,БК ПОДВЕС КУЛЬТ,8867.0,ХИТ-цена,https://sunlight.net/catalog/pendants_304326.html,8 000 руб. - 9 000 руб.
2024-06-05,Sunlight,1.31,10074.0,БК ПОДВЕС ДЕКОР,7690.0,"Цены ниже! Ещё -20%, код: НОЧЬ до 11:00",https://sunlight.net/catalog/pendants_121112.html,7 000 руб. - 8 000 руб.
2024-06-05,Sunlight,4.39,32719.0,БК СЕРЬГИ,7453.0,"Цены ниже! Ещё -15%, код: НОЧЬ до 11:00",https://sunlight.net/catalog/earring_93979.html,7 000 руб. - 8 000 руб.
2024-06-05,Sunlight,2.29,16304.0,БК КОЛЬЦА,7120.0,"Цены ниже! Ещё -10%, код: НОЧЬ до 11:00",https://sunlight.net/catalog/ring_85879.html,7 000 руб. - 8 000 руб.
2024-06-05,Sunlight,0.86,7490.0,БК СЕРЬГИ,8709.0,ХИТ-цена,https://sunlight.net/catalog/earring_109392.html,8 000 руб. - 9 000 руб.
2024-06-05,Sunlight,2.73,23934.0,БК СЕРЬГИ,8767.0,"Цены ниже! Ещё -10%, код: НОЧЬ до 11:00",https://sunlight.net/catalog/earring_331695.html,8 000 руб. - 9 000 руб.
2024-06-05,Sunlight,1.76,14274.0,БК СЕРЬГИ,8110.0,"Цены ниже! Ещё -15%, код: НОЧЬ до 11:00",https://sunlight.net/catalog/earring_46706.html,8 000 руб. - 9 000 руб.
2024-06-05,Sunlight,3.6,26874.0,БК ПОДВЕС КУЛЬТ,7465.0,"Цены ниже! Ещё -20%, код: НОЧЬ до 11:00",https://sunlight.net/catalog/pendants_93030.html,7 000 руб. - 8 000 руб.
2024-06-05,Sunlight,2.27,14484.0,БК СЕРЬГИ,6381.0,"Цены ниже! Ещё -10%, код: НОЧЬ до 11:00",https://sunlight.net/catalog/earring_244054.html,6 000 руб. - 6 500 руб.
2024-06-05,Sunlight,2.24,16794.0,БК СЕРЬГИ,7497.0,"Цены ниже! Ещё -20%, код: НОЧЬ до 11:00",https://sunlight.net/catalog/earring_986271.html,7 000 руб. - 8 000 руб.
2024-06-05,Sunlight,1.4,12874.0,БК СЕРЬГИ,9196.0,"Цены ниже! Ещё -20%, код: НОЧЬ до 11:00",https://sunlight.net/catalog/earring_45766.html,9 000 руб. - 10 000 руб.
2024-06-05,Sunlight,1.48,11194.0,БК ПОДВЕС КУЛЬТ,7564.0,"Цены ниже! Ещё -20%, код: НОЧЬ до 11:00",https://sunlight.net/catalog/pendants_93027.html,7 000 руб. - 8 000 руб.
2024-06-05,Sunlight,1.73,14554.0,БК ПОДВЕС КУЛЬТ,8413.0,"Цены ниже! Ещё -20%, код: НОЧЬ до 11:00",https://sunlight.net/catalog/pendants_277613.html,8 000 руб. - 9 000 руб.
2024-06-05,Sunlight,1.62,11472.0,БК КОЛЬЦА,7081.0,"Цены ниже! Ещё -15%, код: НОЧЬ до 11:00",https://sunlight.net/catalog/ring_991535.html,7 000 руб. - 8 000 руб.
2024-06-05,Sunlight,3.01,32719.0,БК СЕРЬГИ,10870.0,"Цены ниже! Ещё -15%, код: НОЧЬ до 11:00",https://sunlight.net/catalog/earring_108931.html,свыше 10 000 руб.
2024-06-05,Sunlight,2.91,18333.0,БК КОЛЬЦА ОБРУЧ,6300.0,ХИТ-цена,https://sunlight.net/catalog/ring_35828.html,6 000 руб. - 6 500 руб.
2024-06-05,Sunlight,2.8,20990.0,БК СЕРЬГИ,7496.0,ХИТ-цена,https://sunlight.net/catalog/earring_322559.html,7 000 руб. - 8 000 руб.
2024-06-05,Sunlight,1.58,10341.0,БК КОЛЬЦА ОБРУЧ,6545.0,"Цены ниже! Ещё -15%, код: НОЧЬ до 11:00",https://sunlight.net/catalog/ring_64737.html,6 500 руб. - 7 000 руб.
2024-06-05,Sunlight,2.74,20714.0,БК ПОДВЕС КУЛЬТ,7560.0,"Цены ниже! Ещё -20%, код: НОЧЬ до 11:00",https://sunlight.net/catalog/pendants_93031.html,7 000 руб. - 8 000 руб.
2024-06-05,Sunlight,1.16,8324.0,БК ПОДВЕС КУЛЬТ,7176.0,"Цены ниже! Ещё -15%, код: НОЧЬ до 11:00",https://sunlight.net/catalog/pendants_277654.html,7 000 руб. - 8 000 руб.
2024-06-05,Sunlight,6.63,51514.0,БК ПОДВЕС КУЛЬТ,7770.0,"Цены ниже! Ещё -20%, код: НОЧЬ до 11:00",https://sunlight.net/catalog/pendants_156527.html,7 000 руб. - 8 000 руб.
2024-06-05,Sunlight,1.66,12550.0,БК КОЛЬЦА,7560.0,"Цены ниже! Ещё -10%, код: НОЧЬ до 11:00",https://sunlight.net/catalog/ring_330983.html,7 000 руб. - 8 000 руб.
2024-06-05,Sunlight,1.0,7729.0,БК СЕРЬГИ,7729.0,"Цены ниже! Ещё -15%, код: НОЧЬ до 11:00",https://sunlight.net/catalog/earring_96863.html,7 000 руб. - 8 000 руб.
2024-06-05,Sunlight,1.77,13994.0,БК ПОДВЕС КУЛЬТ,7906.0,"Цены ниже! Ещё -20%, код: НОЧЬ до 11:00",https://sunlight.net/catalog/pendants_81277.html,7 000 руб. - 8 000 руб.
2024-06-05,Sunlight,0.68,6242.0,БК СЕРЬГИ,9179.0,"Цены ниже! Ещё -15%, код: НОЧЬ до 11:00",https://sunlight.net/catalog/earring_290544.html,9 000 руб. - 10 000 руб.
2024-06-05,Sunlight,2.04,14869.0,БК СЕРЬГИ,7289.0,"Цены ниже! Ещё -15%, код: НОЧЬ до 11:00",https://sunlight.net/catalog/earring_329447.html,7 000 руб. - 8 000 руб.
2024-06-05,Sunlight,1.22,8854.0,БК КОЛЬЦА,7257.0,"Цены ниже! Ещё -15%, код: НОЧЬ до 11:00",https://sunlight.net/catalog/ring_90116.html,7 000 руб. - 8 000 руб.
2024-06-05,Sunlight,0.4,3074.0,БК ПОДВЕС КУЛЬТ,7685.0,"Цены ниже! Ещё -20%, код: НОЧЬ до 11:00",https://sunlight.net/catalog/pendants_241186.html,7 000 руб. - 8 000 руб.
2024-06-05,Sunlight,0.3,2346.0,БК СЕРЬГИ,7820.0,"Цены ниже! Ещё -20%, код: НОЧЬ до 11:00",https://sunlight.net/catalog/earring_278029.html,7 000 руб. - 8 000 руб.
2024-06-05,Sunlight,1.18,7729.0,БК СЕРЬГИ,6550.0,"Цены ниже! Ещё -15%, код: НОЧЬ до 11:00",https://sunlight.net/catalog/earring_351227.html,6 500 руб. - 7 000 руб.
2024-06-05,Sunlight,0.51,4474.0,БК СЕРЬГИ,8773.0,"Цены ниже! Ещё -20%, код: НОЧЬ до 11:00",https://sunlight.net/catalog/earring_284914.html,8 000 руб. - 9 000 руб.
2024-06-05,Sunlight,2.88,17004.0,БК СЕРЬГИ,5904.0,"Цены ниже! Ещё -10%, код: НОЧЬ до 11:00",https://sunlight.net/catalog/earring_108878.html,5 500 руб. - 6 000 руб.
2024-06-05,Sunlight,0.48,4194.0,БК ПОДВЕС ДЕКОР,8738.0,"Цены ниже! Ещё -20%, код: НОЧЬ до 11:00",https://sunlight.net/catalog/pendants_66935.html,8 000 руб. - 9 000 руб.
2024-06-05,Sunlight,0.69,5594.0,БК СЕРЬГИ,8107.0,"Цены ниже! Ещё -20%, код: НОЧЬ до 11:00",https://sunlight.net/catalog/earring_176728.html,8 000 руб. - 9 000 руб.
2024-06-05,Sunlight,2.25,17844.0,БК СЕРЬГИ,7931.0,"Цены ниже! Ещё -15%, код: НОЧЬ до 11:00",https://sunlight.net/catalog/earring_99782.html,7 000 руб. - 8 000 руб.
2024-06-05,Sunlight,0.91,6434.0,БК ПОДВЕС КУЛЬТ,7070.0,"Цены ниже! Ещё -20%, код: НОЧЬ до 11:00",https://sunlight.net/catalog/pendants_80722.html,7 000 руб. - 8 000 руб.
2024-06-05,Sunlight,0.62,5349.0,БК ПОДВЕС ДЕКОР,8627.0,"Цены ниже! Ещё -15%, код: НОЧЬ до 11:00",https://sunlight.net/catalog/pendants_348602.html,8 000 руб. - 9 000 руб.
2024-06-05,Sunlight,0.78,6242.0,БК ПОДВЕС ДЕКОР,8003.0,"Цены ниже! Ещё -15%, код: НОЧЬ до 11:00",https://sunlight.net/catalog/pendants_341063.html,8 000 руб. - 9 000 руб.
2024-06-05,Sunlight,2.12,13887.0,БК КОЛЬЦА ОБРУЧ,6550.0,"Цены ниже! Ещё -15%, код: НОЧЬ до 11:00",https://sunlight.net/catalog/ring_64303.html,6 500 руб. - 7 000 руб.
2024-06-05,Sunlight,0.69,5944.0,БК ПОДВЕС ДЕКОР,8614.0,"Цены ниже! Ещё -15%, код: НОЧЬ до 11:00",https://sunlight.net/catalog/pendants_281157.html,8 000 руб. - 9 000 руб.
2024-06-05,Sunlight,1.45,14274.0,БК СЕРЬГИ,9844.0,"Цены ниже! Ещё -15%, код: НОЧЬ до 11:00",https://sunlight.net/catalog/earring_51352.html,9 000 руб. - 10 000 руб.
2024-06-05,Sunlight,1.42,8954.0,БК СЕРЬГИ,6306.0,"Цены ниже! Ещё -20%, код: НОЧЬ до 11:00",https://sunlight.net/catalog/earring_244038.html,6 000 руб. - 6 500 руб.
2024-06-05,Sunlight,0.7,4754.0,БК ПОДВЕС КУЛЬТ,6791.0,"Цены ниже! Ещё -15%, код: НОЧЬ до 11:00",https://sunlight.net/catalog/pendants_276736.html,6 500 руб. - 7 000 руб.
2024-06-05,Sunlight,0.7,4586.0,БК КОЛЬЦА,6551.0,"Цены ниже! Ещё -20%, код: НОЧЬ до 11:00",https://sunlight.net/catalog/ring_299551.html,6 500 руб. - 7 000 руб.
2024-06-05,Sunlight,3.37,20784.0,БК СЕРЬГИ,6167.0,"Цены ниже! Ещё -10%, код: НОЧЬ до 11:00",https://sunlight.net/catalog/earring_109472.html,6 000 руб. - 6 500 руб.
2024-06-05,Sunlight,4.65,32504.0,ЦБ ЦЕПИ,6990.0,ХИТ-цена,https://sunlight.net/catalog/chains_51909.html,6 500 руб. - 7 000 руб.
2024-06-05,Sunlight,0.73,5081.0,БК КОЛЬЦА,6960.0,"Цены ниже! Ещё -15%, код: НОЧЬ до 11:00",https://sunlight.net/catalog/ring_349254.html,6 500 руб. - 7 000 руб.
2024-06-05,Sunlight,2.48,14484.0,БК СЕРЬГИ,5840.0,"Цены ниже! Ещё -10%, код: НОЧЬ до 11:00",https://sunlight.net/catalog/earring_991542.html,5 500 руб. - 6 000 руб.
2024-06-05,Sunlight,3.96,32719.0,БК СЕРЬГИ,8262.0,"Цены ниже! Ещё -15%, код: НОЧЬ до 11:00",https://sunlight.net/catalog/earring_235979.html,8 000 руб. - 9 000 руб.
2024-06-05,Sunlight,1.76,12043.0,БК КОЛЬЦА,6843.0,"Цены ниже! Ещё -15%, код: НОЧЬ до 11:00",https://sunlight.net/catalog/ring_92835.html,6 500 руб. - 7 000 руб.
2024-06-05,Sunlight,2.22,17634.0,БК СЕРЬГИ,7943.0,"Цены ниже! Ещё -10%, код: НОЧЬ до 11:00",https://sunlight.net/catalog/earring_353538.html,7 000 руб. - 8 000 руб.
2024-06-05,Sunlight,0.54,4754.0,БК ПОДВЕС ДЕКОР,8804.0,"Цены ниже! Ещё -15%, код: НОЧЬ до 11:00",https://sunlight.net/catalog/pendants_104041.html,8 000 руб. - 9 000 руб.
2024-06-05,Sunlight,2.45,19629.0,БК СЕРЬГИ,8012.0,"Цены ниже! Ещё -15%, код: НОЧЬ до 11:00",https://sunlight.net/catalog/earring_99786.html,8 000 руб. - 9 000 руб.
2024-06-05,Sunlight,1.78,12816.0,БК КОЛЬЦА,7200.0,"Цены ниже! Ещё -15%, код: НОЧЬ до 11:00",https://sunlight.net/catalog/ring_90080.html,7 000 руб. - 8 000 руб.
2024-06-05,Sunlight,0.45,3074.0,БК ПОДВЕС ДЕКОР,6831.0,"Цены ниже! Ещё -20%, код: НОЧЬ до 11:00",https://sunlight.net/catalog/pendants_333335.html,6 500 руб. - 7 000 руб.
2024-06-05,Sunlight,0.99,7729.0,БК СЕРЬГИ,7807.0,"Цены ниже! Ещё -15%, код: НОЧЬ до 11:00",https://sunlight.net/catalog/earring_992444.html,7 000 руб. - 8 000 руб.
2024-06-05,Sunlight,3.23,29617.0,БК КОЛЬЦА,9169.0,"Цены ниже! Ещё -5%, код: НОЧЬ до 11:00",https://sunlight.net/catalog/ring_349015.html,9 000 руб. - 10 000 руб.
2024-06-05,Sunlight,1.68,12198.0,БК КОЛЬЦА,7261.0,"Цены ниже! Ещё -15%, код: НОЧЬ до 11:00",https://sunlight.net/catalog/ring_328009.html,7 000 руб. - 8 000 руб.
2024-06-05,Sunlight,2.05,16345.0,БК КОЛЬЦА,7973.0,"Цены ниже! Ещё -15%, код: НОЧЬ до 11:00",https://sunlight.net/catalog/ring_308206.html,7 000 руб. - 8 000 руб.
2024-06-05,Sunlight,2.53,19127.0,БК КОЛЬЦА,7560.0,"Цены ниже! Ещё -10%, код: НОЧЬ до 11:00",https://sunlight.net/catalog/ring_331001.html,7 000 руб. - 8 000 руб.
2024-06-05,Sunlight,1.21,8394.0,БК ПОДВЕС ДЕКОР,6937.0,"Цены ниже! Ещё -20%, код: НОЧЬ до 11:00",https://sunlight.net/catalog/pendants_991685.html,6 500 руб. - 7 000 руб.
2024-06-05,Sunlight,6.32,51514.0,БК ПОДВЕС КУЛЬТ,8151.0,"Цены ниже! Ещё -20%, код: НОЧЬ до 11:00",https://sunlight.net/catalog/pendants_93911.html,8 000 руб. - 9 000 руб.
2024-06-05,Sunlight,1.05,6609.0,БК ПОДВЕС КУЛЬТ,6294.0,"Цены ниже! Ещё -10%, код: НОЧЬ до 11:00",https://sunlight.net/catalog/pendants_353125.html,6 000 руб. - 6 500 руб.
2024-06-05,Sunlight,0.99,7834.0,БК СЕРЬГИ,7913.0,"Цены ниже! Ещё -20%, код: НОЧЬ до 11:00",https://sunlight.net/catalog/earring_96864.html,7 000 руб. - 8 000 руб.
2024-06-05,Sunlight,1.95,12314.0,БК СЕРЬГИ,6315.0,"Цены ниже! Ещё -20%, код: НОЧЬ до 11:00",https://sunlight.net/catalog/earring260261.html,6 000 руб. - 6 500 руб.
2024-06-05,Sunlight,1.93,14554.0,БК ПОДВЕС КУЛЬТ,7541.0,"Цены ниже! Ещё -20%, код: НОЧЬ до 11:00",https://sunlight.net/catalog/pendants_277615.html,7 000 руб. - 8 000 руб.
2024-06-05,Sunlight,0.92,5979.0,БК ПОДВЕС КУЛЬТ,6499.0,"Цены ниже! Ещё -10%, код: НОЧЬ до 11:00",https://sunlight.net/catalog/pendants_88214.html,6 000 руб. - 6 500 руб.
2024-06-05,Sunlight,0.52,3459.0,БК ПОДВЕС ДЕКОР,6652.0,"Цены ниже! Ещё -10%, код: НОЧЬ до 11:00",https://sunlight.net/catalog/pendants_991681.html,6 500 руб. - 7 000 руб.
2024-06-05,Sunlight,0.54,4474.0,БК ПОДВЕС ДЕКОР,8285.0,"Цены ниже! Ещё -20%, код: НОЧЬ до 11:00",https://sunlight.net/catalog/pendants_986269.html,8 000 руб. - 9 000 руб.
2024-06-05,Sunlight,1.42,11299.0,БК ПОДВЕС КУЛЬТ,7957.0,"Цены ниже! Ещё -15%, код: НОЧЬ до 11:00",https://sunlight.net/catalog/pendants_74087.html,7 000 руб. - 8 000 руб.
2024-06-05,Sunlight,2.78,22674.0,БК СЕРЬГИ,8156.0,"Цены ниже! Ещё -10%, код: НОЧЬ до 11:00",https://sunlight.net/catalog/earring_331704.html,8 000 руб. - 9 000 руб.
2024-06-05,Sunlight,2.56,20224.0,БК СЕРЬГИ,7900.0,"Цены ниже! Ещё -15%, код: НОЧЬ до 11:00",https://sunlight.net/catalog/earring_992438.html,7 000 руб. - 8 000 руб.
2024-06-05,Sunlight,1.17,7729.0,БК СЕРЬГИ,6606.0,"Цены ниже! Ещё -15%, код: НОЧЬ до 11:00",https://sunlight.net/catalog/earring_344994.html,6 500 руб. - 7 000 руб.
2024-06-05,Sunlight,2.17,16654.0,БК СЕРЬГИ,7675.0,"Цены ниже! Ещё -15%, код: НОЧЬ до 11:00",https://sunlight.net/catalog/earring_320334.html,7 000 руб. - 8 000 руб.
2024-06-05,Sunlight,3.83,21716.0,БК КОЛЬЦА,5670.0,"Цены ниже! Ещё -10%, код: НОЧЬ до 11:00",https://sunlight.net/catalog/ring_241925.html,5 500 руб. - 6 000 руб.
2024-06-05,Sunlight,2.58,18112.0,БК КОЛЬЦА,7020.0,"Цены ниже! Ещё -15%, код: НОЧЬ до 11:00",https://sunlight.net/catalog/ring_348033.html,7 000 руб. - 8 000 руб.
2024-06-05,Sunlight,1.41,8954.0,БК СЕРЬГИ,6350.0,"Цены ниже! Ещё -20%, код: НОЧЬ до 11:00",https://sunlight.net/catalog/earring_304118.html,6 000 руб. - 6 500 руб.
2024-06-05,Sunlight,0.26,2493.0,БК ПОДВЕС ДЕКОР,9588.0,"Цены ниже! Ещё -15%, код: НОЧЬ до 11:00",https://sunlight.net/catalog/pendants_66933.html,9 000 руб. - 10 000 руб.
2024-06-05,Sunlight,0.72,5990.0,БК СЕРЬГИ,8319.0,ХИТ-цена,https://sunlight.net/catalog/earring_49045.html,8 000 руб. - 9 000 руб.
2024-06-05,Sunlight,1.42,10109.0,БК ПОДВЕС КУЛЬТ,7119.0,"Цены ниже! Ещё -15%, код: НОЧЬ до 11:00",https://sunlight.net/catalog/pendants_265644.html,7 000 руб. - 8 000 руб.
2024-06-05,Sunlight,1.95,16059.0,БК СЕРЬГИ,8235.0,"Цены ниже! Ещё -15%, код: НОЧЬ до 11:00",https://sunlight.net/catalog/earring_94004.html,8 000 руб. - 9 000 руб.
2024-06-05,Sunlight,2.25,17844.0,БК СЕРЬГИ,7931.0,"Цены ниже! Ещё -15%, код: НОЧЬ до 11:00",https://sunlight.net/catalog/earring_345014.html,7 000 руб. - 8 000 руб.
2024-06-05,Sunlight,2.02,20819.0,БК СЕРЬГИ,10306.0,"Цены ниже! Ещё -15%, код: НОЧЬ до 11:00",https://sunlight.net/catalog/earring_308211.html,свыше 10 000 руб.
2024-06-05,Sunlight,0.85,6434.0,БК СЕРЬГИ,7569.0,"Цены ниже! Ещё -20%, код: НОЧЬ до 11:00",https://sunlight.net/catalog/earring_258213.html,7 000 руб. - 8 000 руб.
2024-06-05,Sunlight,0.82,6434.0,БК ПОДВЕС КУЛЬТ,7846.0,"Цены ниже! Ещё -20%, код: НОЧЬ до 11:00",https://sunlight.net/catalog/pendants_75758.html,7 000 руб. - 8 000 руб.
2024-06-05,Sunlight,0.48,2969.0,БК СЕРЬГИ,6185.0,"Цены ниже! Ещё -15%, код: НОЧЬ до 11:00",https://sunlight.net/catalog/earring_349314.html,6 000 руб. - 6 500 руб.
2024-06-05,Sunlight,1.36,10704.0,БК СЕРЬГИ,7871.0,"Цены ниже! Ещё -15%, код: НОЧЬ до 11:00",https://sunlight.net/catalog/earring_105879.html,7 000 руб. - 8 000 руб.
2024-06-05,Sunlight,2.32,17249.0,БК СЕРЬГИ,7435.0,"Цены ниже! Ещё -15%, код: НОЧЬ до 11:00",https://sunlight.net/catalog/earring_109467.html,7 000 руб. - 8 000 руб.
2024-06-05,Sunlight,0.73,4754.0,БК СЕРЬГИ,6512.0,"Цены ниже! Ещё -20%, код: НОЧЬ до 11:00",https://sunlight.net/catalog/earring_304116.html,6 500 руб. - 7 000 руб.
2024-06-05,Sunlight,2.4,18439.0,БК СЕРЬГИ,7683.0,"Цены ниже! Ещё -15%, код: НОЧЬ до 11:00",https://sunlight.net/catalog/earring_329434.html,7 000 руб. - 8 000 руб.
2024-06-05,Sunlight,3.27,25579.0,БК СЕРЬГИ,7822.0,"Цены ниже! Ещё -15%, код: НОЧЬ до 11:00",https://sunlight.net/catalog/earring_329452.html,7 000 руб. - 8 000 руб.
2024-06-05,Sunlight,2.04,11964.0,БК СЕРЬГИ,5865.0,"Цены ниже! Ещё -10%, код: НОЧЬ до 11:00",https://sunlight.net/catalog/earring_258374.html,5 500 руб. - 6 000 руб.
2024-06-05,Sunlight,2.07,15090.0,ЦБ ЦЕПИ,7290.0,ХИТ-цена,https://sunlight.net/catalog/chains_35517.html,7 000 руб. - 8 000 руб.
2024-06-05,Sunlight,0.96,6854.0,БК КОЛЬЦА,7140.0,"Цены ниже! Ещё -15%, код: НОЧЬ до 11:00",https://sunlight.net/catalog/ring_97821.html,7 000 руб. - 8 000 руб.
2024-06-05,Sunlight,2.92,16374.0,ЦБ БРАСЛЕТЫ,5608.0,"Цены ниже! Ещё -10%, код: НОЧЬ до 11:00",https://sunlight.net/catalog/bracelets_306160.html,5 500 руб. - 6 000 руб.
2024-06-05,Sunlight,0.79,5944.0,БК СЕРЬГИ,7524.0,"Цены ниже! Ещё -15%, код: НОЧЬ до 11:00",https://sunlight.net/catalog/earring_329445.html,7 000 руб. - 8 000 руб.
2024-06-05,Sunlight,1.82,12888.0,БК КОЛЬЦА,7081.0,"Цены ниже! Ещё -15%, код: НОЧЬ до 11:00",https://sunlight.net/catalog/ring_76349.html,7 000 руб. - 8 000 руб.
2024-06-05,Sunlight,2.24,17634.0,БК СЕРЬГИ,7872.0,"Цены ниже! Ещё -10%, код: НОЧЬ до 11:00",https://sunlight.net/catalog/earring_329417.html,7 000 руб. - 8 000 руб.
2024-06-05,Sunlight,3.19,22586.0,БК КОЛЬЦА,7080.0,"Цены ниже! Ещё -15%, код: НОЧЬ до 11:00",https://sunlight.net/catalog/ring_301760.html,7 000 руб. - 8 000 руб.
2024-06-05,Sunlight,1.59,11353.0,БК КОЛЬЦА,7140.0,"Цены ниже! Ещё -15%, код: НОЧЬ до 11:00",https://sunlight.net/catalog/ring_330998.html,7 000 руб. - 8 000 руб.
2024-06-05,Sunlight,1.9,13340.0,БК КОЛЬЦА,7021.0,"Цены ниже! Ещё -15%, код: НОЧЬ до 11:00",https://sunlight.net/catalog/ring_348588.html,7 000 руб. - 8 000 руб.
2024-06-05,Sunlight,0.68,5314.0,БК ПОДВЕС КУЛЬТ,7815.0,"Цены ниже! Ещё -20%, код: НОЧЬ до 11:00",https://sunlight.net/catalog/pendants_310580.html,7 000 руб. - 8 000 руб.
2024-06-05,Sunlight,2.51,21414.0,БК СЕРЬГИ,8531.0,"Цены ниже! Ещё -15%, код: НОЧЬ до 11:00",https://sunlight.net/catalog/earring_279231.html,8 000 руб. - 9 000 руб.
2024-06-05,Sunlight,0.65,5034.0,БК ПОДВЕС ДЕКОР,7745.0,"Цены ниже! Ещё -10%, код: НОЧЬ до 11:00",https://sunlight.net/catalog/pendants_267094.html,7 000 руб. - 8 000 руб.
2024-06-05,Sunlight,3.95,30794.0,БК ПОДВЕС КУЛЬТ,7796.0,"Цены ниже! Ещё -20%, код: НОЧЬ до 11:00",https://sunlight.net/catalog/pendants_279551.html,7 000 руб. - 8 000 руб.
2024-06-05,Sunlight,3.46,20784.0,БК СЕРЬГИ,6007.0,"Цены ниже! Ещё -10%, код: НОЧЬ до 11:00",https://sunlight.net/catalog/earring_292055.html,6 000 руб. - 6 500 руб.
2024-06-05,Sunlight,0.37,2682.0,БК ПОДВЕС ДЕКОР,7249.0,"Цены ниже! Ещё -20%, код: НОЧЬ до 11:00",https://sunlight.net/catalog/pendants_353122.html,7 000 руб. - 8 000 руб.
2024-06-05,Sunlight,0.57,3564.0,БК ПОДВЕС КУЛЬТ,6253.0,"Цены ниже! Ещё -15%, код: НОЧЬ до 11:00",https://sunlight.net/catalog/pendants_108921.html,6 000 руб. - 6 500 руб.
2024-06-05,Sunlight,3.09,18816.0,ЦБ БРАСЛЕТЫ,6089.0,"Цены ниже! Ещё -5%, код: НОЧЬ до 11:00",https://sunlight.net/catalog/bracelets_292048.html,6 000 руб. - 6 500 руб.
2024-06-05,Sunlight,0.77,5034.0,БК ПОДВЕС ДЕКОР,6538.0,"Цены ниже! Ещё -10%, код: НОЧЬ до 11:00",https://sunlight.net/catalog/pendants_991683.html,6 500 руб. - 7 000 руб.
2024-06-05,Sunlight,3.17,20154.0,БК СЕРЬГИ,6358.0,"Цены ниже! Ещё -10%, код: НОЧЬ до 11:00",https://sunlight.net/catalog/earring_244041.html,6 000 руб. - 6 500 руб.
2024-06-05,Sunlight,5.31,41994.0,БК СЕРЬГИ,7908.0,"Цены ниже! Ещё -20%, код: НОЧЬ до 11:00",https://sunlight.net/catalog/earring_301761.html,7 000 руб. - 8 000 руб.
2024-06-05,Sunlight,2.61,18481.0,БК КОЛЬЦА,7081.0,"Цены ниже! Ещё -15%, код: НОЧЬ до 11:00",https://sunlight.net/catalog/ring_992419.html,7 000 руб. - 8 000 руб.
2024-06-05,Sunlight,1.65,12314.0,БК ПОДВЕС ДЕКОР,7463.0,"Цены ниже! Ещё -20%, код: НОЧЬ до 11:00",https://sunlight.net/catalog/pendants_993767.html,7 000 руб. - 8 000 руб.
2024-06-05,Sunlight,0.71,5874.0,БК СЕРЬГИ,8273.0,"Цены ниже! Ещё -20%, код: НОЧЬ до 11:00",https://sunlight.net/catalog/earring_343428.html,8 000 руб. - 9 000 руб.
2024-06-05,Sunlight,1.1,8394.0,БК СЕРЬГИ,7631.0,"Цены ниже! Ещё -20%, код: НОЧЬ до 11:00",https://sunlight.net/catalog/earring_258222.html,7 000 руб. - 8 000 руб.
2024-06-05,Sunlight,1.01,5831.0,БК КОЛЬЦА,5773.0,"Цены ниже! Ещё -15%, код: НОЧЬ до 11:00",https://sunlight.net/catalog/ring_301563.html,5 500 руб. - 6 000 руб.
2024-06-05,Sunlight,3.32,25729.0,БК КОЛЬЦА,7750.0,"Цены ниже! Ещё -10%, код: НОЧЬ до 11:00",https://sunlight.net/catalog/ring_348521.html,7 000 руб. - 8 000 руб.
2024-06-05,Sunlight,1.77,11964.0,БК ПОДВЕС ДЕКОР,6759.0,"Цены ниже! Ещё -10%, код: НОЧЬ до 11:00",https://sunlight.net/catalog/pendants_993151.html,6 500 руб. - 7 000 руб.
2024-06-05,Sunlight,3.31,26314.0,БК ПОДВЕС КУЛЬТ,7950.0,"Цены ниже! Ещё -20%, код: НОЧЬ до 11:00",https://sunlight.net/catalog/pendants_277657.html,7 000 руб. - 8 000 руб.
2024-06-05,Sunlight,1.46,11373.0,ЦБ ЦЕПИ,7790.0,ХИТ-цена,https://sunlight.net/catalog/chains_73457.html,7 000 руб. - 8 000 руб.
2024-06-05,Sunlight,1.46,11299.0,БК ПОДВЕС КУЛЬТ,7739.0,"Цены ниже! Ещё -15%, код: НОЧЬ до 11:00",https://sunlight.net/catalog/pendants_304332.html,7 000 руб. - 8 000 руб.
2024-06-05,Sunlight,0.71,4855.0,БК КОЛЬЦА,6838.0,"Цены ниже! Ещё -15%, код: НОЧЬ до 11:00",https://sunlight.net/catalog/ring_349255.html,6 500 руб. - 7 000 руб.
2024-06-05,Sunlight,2.68,20224.0,БК СЕРЬГИ,7546.0,"Цены ниже! Ещё -15%, код: НОЧЬ до 11:00",https://sunlight.net/catalog/earring_992439.html,7 000 руб. - 8 000 руб.
2024-06-05,Sunlight,0.84,5349.0,БК ПОДВЕС КУЛЬТ,6368.0,"Цены ниже! Ещё -10%, код: НОЧЬ до 11:00",https://sunlight.net/catalog/pendants_277589.html,6 000 руб. - 6 500 руб.
2024-06-05,Sunlight,9.67,65659.0,ЦБ ЦЕПИ,6790.0,ХИТ-цена,https://sunlight.net/catalog/chains_308323.html,6 500 руб. - 7 000 руб.
2024-06-05,Sunlight,1.49,8344.0,ЦБ БРАСЛЕТЫ,5600.0,"Цены ниже! Ещё -20%, код: НОЧЬ до 11:00",https://sunlight.net/catalog/anklets_318258.html,5 500 руб. - 6 000 руб.
2024-06-05,Sunlight,1.6,9139.0,БК КОЛЬЦА,5712.0,"Цены ниже! Ещё -20%, код: НОЧЬ до 11:00",https://sunlight.net/catalog/ring_329446.html,5 500 руб. - 6 000 руб.
2024-06-05,Sunlight,2.36,17410.0,БК КОЛЬЦА,7377.0,"Цены ниже! Ещё -15%, код: НОЧЬ до 11:00",https://sunlight.net/catalog/ring_992410.html,7 000 руб. - 8 000 руб.
2024-06-05,Sunlight,0.84,6434.0,БК ПОДВЕС КУЛЬТ,7660.0,"Цены ниже! Ещё -20%, код: НОЧЬ до 11:00",https://sunlight.net/catalog/pendants_277614.html,7 000 руб. - 8 000 руб.
2024-06-05,Sunlight,3.04,23794.0,БК СЕРЬГИ,7827.0,"Цены ниже! Ещё -15%, код: НОЧЬ до 11:00",https://sunlight.net/catalog/earring_992447.html,7 000 руб. - 8 000 руб.
2024-06-05,Sunlight,2.18,17354.0,БК СЕРЬГИ,7961.0,"Цены ниже! Ещё -20%, код: НОЧЬ до 11:00",https://sunlight.net/catalog/earring_83145.html,7 000 руб. - 8 000 руб.
2024-06-05,Sunlight,2.23,16703.0,ЦБ БРАСЛЕТЫ,7490.0,ХИТ-цена,https://sunlight.net/catalog/bracelets_79506.html,7 000 руб. - 8 000 руб.
2024-06-05,Sunlight,1.4,10163.0,БК КОЛЬЦА,7259.0,"Цены ниже! Ещё -15%, код: НОЧЬ до 11:00",https://sunlight.net/catalog/ring_349262.html,7 000 руб. - 8 000 руб.
2024-06-05,Sunlight,1.43,10711.0,ЦБ ЦЕПИ,7490.0,ХИТ-цена,https://sunlight.net/catalog/chains_35565.html,7 000 руб. - 8 000 руб.
2024-06-05,Sunlight,3.0,23794.0,БК СЕРЬГИ,7931.0,"Цены ниже! Ещё -15%, код: НОЧЬ до 11:00",https://sunlight.net/catalog/earring_348590.html,7 000 руб. - 8 000 руб.
2024-06-05,Sunlight,3.33,23277.0,ЦБ ЦЕПИ,6990.0,ХИТ-цена,https://sunlight.net/catalog/chains_259825.html,6 500 руб. - 7 000 руб.
2024-06-05,Sunlight,0.73,7274.0,БК СЕРЬГИ,9964.0,"Цены ниже! Ещё -20%, код: НОЧЬ до 11:00",https://sunlight.net/catalog/earring_82999.html,9 000 руб. - 10 000 руб.
2024-06-05,Sunlight,2.12,19629.0,БК СЕРЬГИ,9259.0,"Цены ниже! Ещё -15%, код: НОЧЬ до 11:00",https://sunlight.net/catalog/earring_87003.html,9 000 руб. - 10 000 руб.
2024-06-05,Sunlight,2.34,18264.0,БК ПОДВЕС ДЕКОР,7805.0,"Цены ниже! Ещё -10%, код: НОЧЬ до 11:00",https://sunlight.net/catalog/pendants_991939.html,7 000 руб. - 8 000 руб.
2024-06-05,Sunlight,2.23,15674.0,БК ПОДВЕС ДЕКОР,7029.0,"Цены ниже! Ещё -20%, код: НОЧЬ до 11:00",https://sunlight.net/catalog/pendants_352103.html,7 000 руб. - 8 000 руб.
2024-06-05,Sunlight,0.81,6310.0,ЦБ ЦЕПИ,7790.0,ХИТ-цена,https://sunlight.net/catalog/chains_75109.html,7 000 руб. - 8 000 руб.
2024-06-05,Sunlight,0.86,5979.0,БК ПОДВЕС КУЛЬТ,6952.0,"Цены ниже! Ещё -10%, код: НОЧЬ до 11:00",https://sunlight.net/catalog/pendants_75760.html,6 500 руб. - 7 000 руб.
2024-06-05,Sunlight,2.31,14992.0,ЦБ ЦЕПИ,6490.0,ХИТ-цена,https://sunlight.net/catalog/chains_93065.html,6 000 руб. - 6 500 руб.
2024-06-05,Sunlight,1.58,10532.0,БК КОЛЬЦА ОБРУЧ,6666.0,"Цены ниже! Ещё -15%, код: НОЧЬ до 11:00",https://sunlight.net/catalog/ring_336126.html,6 500 руб. - 7 000 руб.
2024-06-05,Sunlight,0.99,7869.0,БК ПОДВЕС ДЕКОР,7948.0,"Цены ниже! Ещё -10%, код: НОЧЬ до 11:00",https://sunlight.net/catalog/pendants_97926.html,7 000 руб. - 8 000 руб.
2024-06-05,Sunlight,0.71,5647.0,БК ПОДВЕС ДЕКОР,7954.0,"Цены ниже! Ещё -15%, код: НОЧЬ до 11:00",https://sunlight.net/catalog/pendants_281094.html,7 000 руб. - 8 000 руб.
2024-06-05,Sunlight,4.26,23574.0,БК КОЛЬЦА,5534.0,"Цены ниже! Ещё -15%, код: НОЧЬ до 11:00",https://sunlight.net/catalog/ring_301756.html,5 500 руб. - 6 000 руб.
2024-06-05,Sunlight,3.74,29149.0,БК СЕРЬГИ,7794.0,"Цены ниже! Ещё -15%, код: НОЧЬ до 11:00",https://sunlight.net/catalog/earring_268967.html,7 000 руб. - 8 000 руб.
2024-06-05,Sunlight,2.14,15535.0,ЦБ БРАСЛЕТЫ,7259.0,"Цены ниже! Ещё -15%, код: НОЧЬ до 11:00",https://sunlight.net/catalog/bracelets_314486.html,7 000 руб. - 8 000 руб.
2024-06-05,Sunlight,0.35,2255.0,БК ПОДВЕС ДЕКОР,6443.0,"Цены ниже! Ещё -15%, код: НОЧЬ до 11:00",https://sunlight.net/catalog/pendants_267098.html,6 000 руб. - 6 500 руб.
2024-06-05,Sunlight,3.58,27959.0,БК СЕРЬГИ,7810.0,"Цены ниже! Ещё -15%, код: НОЧЬ до 11:00",https://sunlight.net/catalog/earring_348592.html,7 000 руб. - 8 000 руб.
2024-06-05,Sunlight,1.75,10074.0,БК СЕРЬГИ,5757.0,"Цены ниже! Ещё -10%, код: НОЧЬ до 11:00",https://sunlight.net/catalog/earring_992431.html,5 500 руб. - 6 000 руб.
2024-06-05,Sunlight,1.52,10704.0,БК ПОДВЕС КУЛЬТ,7042.0,"Цены ниже! Ещё -10%, код: НОЧЬ до 11:00",https://sunlight.net/catalog/pendants_304322.html,7 000 руб. - 8 000 руб.
2024-06-05,Sunlight,1.23,9514.0,БК СЕРЬГИ,7735.0,"Цены ниже! Ещё -15%, код: НОЧЬ до 11:00",https://sunlight.net/catalog/earring_93189.html,7 000 руб. - 8 000 руб.
2024-06-05,Sunlight,0.58,3995.0,БК ПОДВЕС КУЛЬТ,6888.0,ХИТ-цена,https://sunlight.net/catalog/pendants_88211.html,6 500 руб. - 7 000 руб.
2024-06-05,Sunlight,1.18,9192.0,ЦБ БРАСЛЕТЫ,7790.0,ХИТ-цена,https://sunlight.net/catalog/bracelets_173317.html,7 000 руб. - 8 000 руб.
2024-06-05,Sunlight,0.64,5034.0,БК ПОДВЕС ДЕКОР,7866.0,"Цены ниже! Ещё -10%, код: НОЧЬ до 11:00",https://sunlight.net/catalog/pendants_103706.html,7 000 руб. - 8 000 руб.
2024-06-05,Sunlight,1.72,12883.0,ЦБ БРАСЛЕТЫ,7490.0,ХИТ-цена,https://sunlight.net/catalog/bracelets_52590.html,7 000 руб. - 8 000 руб.
2024-06-05,Sunlight,1.39,10074.0,БК ПОДВЕС КУЛЬТ,7247.0,"Цены ниже! Ещё -10%, код: НОЧЬ до 11:00",https://sunlight.net/catalog/pendants_304327.html,7 000 руб. - 8 000 руб.
2024-06-05,Sunlight,0.56,3774.0,БК ПОДВЕС КУЛЬТ,6739.0,"Цены ниже! Ещё -10%, код: НОЧЬ до 11:00",https://sunlight.net/catalog/pendants_986600.html,6 500 руб. - 7 000 руб.
2024-06-05,Sunlight,2.34,16654.0,БК СЕРЬГИ,7117.0,"Цены ниже! Ещё -15%, код: НОЧЬ до 11:00",https://sunlight.net/catalog/earring_991452.html,7 000 руб. - 8 000 руб.
2024-06-05,Sunlight,1.22,7274.0,БК СЕРЬГИ,5962.0,"Цены ниже! Ещё -20%, код: НОЧЬ до 11:00",https://sunlight.net/catalog/earring_190771.html,5 500 руб. - 6 000 руб.
2024-06-05,Sunlight,1.51,9514.0,БК СЕРЬГИ,6301.0,"Цены ниже! Ещё -15%, код: НОЧЬ до 11:00",https://sunlight.net/catalog/earring_275722.html,6 000 руб. - 6 500 руб.
2024-06-05,Sunlight,2.17,12007.0,БК КОЛЬЦА,5533.0,"Цены ниже! Ещё -15%, код: НОЧЬ до 11:00",https://sunlight.net/catalog/ring_336264.html,5 500 руб. - 6 000 руб.
2024-06-05,Sunlight,0.76,5052.0,БК СЕРЬГИ,6647.0,"Цены снижены! Ещё -15%, код: СЕГОДНЯ",https://sunlight.net/catalog/earring_281271.html,6 500 руб. - 7 000 руб.
2024-06-05,Sunlight,3.12,23369.0,ЦБ ЦЕПИ,7490.0,ХИТ-цена,https://sunlight.net/catalog/chains_92469.html,7 000 руб. - 8 000 руб.
2024-06-05,Sunlight,2.97,19628.0,БК КОЛЬЦА,6609.0,"Цены ниже! Ещё -20%, код: НОЧЬ до 11:00",https://sunlight.net/catalog/ring_88436.html,6 500 руб. - 7 000 руб.
2024-06-05,Sunlight,2.54,14274.0,БК СЕРЬГИ,5620.0,"Цены ниже! Ещё -15%, код: НОЧЬ до 11:00",https://sunlight.net/catalog/earring_991930.html,5 500 руб. - 6 000 руб.
2024-06-05,Sunlight,4.27,26858.0,ЦБ ЦЕПИ,6290.0,ХИТ-цена,https://sunlight.net/catalog/chains_109207.html,6 000 руб. - 6 500 руб.
2024-06-05,Sunlight,1.43,11140.0,ЦБ ЦЕПИ,7790.0,ХИТ-цена,https://sunlight.net/catalog/chains_103636.html,7 000 руб. - 8 000 руб.
2024-06-05,Sunlight,1.15,8814.0,БК ПОДВЕС ДЕКОР,7664.0,"Цены ниже! Ещё -10%, код: НОЧЬ до 11:00",https://sunlight.net/catalog/pendants_271289.html,7 000 руб. - 8 000 руб.
2024-06-05,Sunlight,1.28,9444.0,БК ПОДВЕС ДЕКОР,7378.0,"Цены ниже! Ещё -10%, код: НОЧЬ до 11:00",https://sunlight.net/catalog/ikons_304339.html,7 000 руб. - 8 000 руб.
2024-06-05,Sunlight,2.82,21414.0,БК СЕРЬГИ,7594.0,"Цены ниже! Ещё -15%, код: НОЧЬ до 11:00",https://sunlight.net/catalog/earring_238292.html,7 000 руб. - 8 000 руб.
2024-06-05,Sunlight,2.37,14946.0,БК КОЛЬЦА ОБРУЧ,6306.0,"Цены ниже! Ещё -15%, код: НОЧЬ до 11:00",https://sunlight.net/catalog/ring_329769.html,6 000 руб. - 6 500 руб.
2024-06-05,Sunlight,2.77,18130.0,БК КОЛЬЦА ОБРУЧ,6545.0,"Цены ниже! Ещё -15%, код: НОЧЬ до 11:00",https://sunlight.net/catalog/ring_124122.html,6 500 руб. - 7 000 руб.
2024-06-05,Sunlight,0.61,5052.0,БК ПОДВЕС ДЕКОР,8282.0,"Цены ниже! Ещё -15%, код: НОЧЬ до 11:00",https://sunlight.net/catalog/pendants_98530.html,8 000 руб. - 9 000 руб.
2024-06-05,Sunlight,0.61,3634.0,БК СЕРЬГИ,5957.0,"Цены ниже! Ещё -20%, код: НОЧЬ до 11:00",https://sunlight.net/catalog/earring_343437.html,5 500 руб. - 6 000 руб.
2024-06-05,Sunlight,2.02,13350.0,БК КОЛЬЦА,6609.0,"Цены ниже! Ещё -20%, код: НОЧЬ до 11:00",https://sunlight.net/catalog/ring_260289.html,6 500 руб. - 7 000 руб.
2024-06-05,Sunlight,1.81,10490.0,БК КОЛЬЦА,5796.0,"Цены ниже! Ещё -10%, код: НОЧЬ до 11:00",https://sunlight.net/catalog/ring_335736.html,5 500 руб. - 6 000 руб.
2024-06-05,Sunlight,2.77,19362.0,ЦБ БРАСЛЕТЫ,6990.0,ХИТ-цена,https://sunlight.net/catalog/bracelets_51421.html,6 500 руб. - 7 000 руб.
2024-06-05,Sunlight,3.65,28554.0,БК СЕРЬГИ,7823.0,"Цены ниже! Ещё -20%, код: НОЧЬ до 11:00",https://sunlight.net/catalog/earring_348591.html,7 000 руб. - 8 000 руб.
2024-06-05,Sunlight,8.3,74990.0,БК СЕРЬГИ,9035.0,ХИТ-цена,https://sunlight.net/catalog/earring_91993.html,9 000 руб. - 10 000 руб.
2024-06-05,Sunlight,1.04,6434.0,БК СЕРЬГИ,6187.0,"Цены ниже! Ещё -20%, код: НОЧЬ до 11:00",https://sunlight.net/catalog/earring252128.html,6 000 руб. - 6 500 руб.
2024-06-05,Sunlight,0.87,6777.0,ЦБ ЦЕПИ,7790.0,ХИТ-цена,https://sunlight.net/catalog/chains_208926.html,7 000 руб. - 8 000 руб.
2024-06-05,Sunlight,1.42,8954.0,БК СЕРЬГИ,6306.0,"Цены ниже! Ещё -20%, код: НОЧЬ до 11:00",https://sunlight.net/catalog/earring_244052.html,6 000 руб. - 6 500 руб.
2024-06-05,Sunlight,1.82,14274.0,БК СЕРЬГИ,7843.0,"Цены ниже! Ещё -15%, код: НОЧЬ до 11:00",https://sunlight.net/catalog/earring_278023.html,7 000 руб. - 8 000 руб.
2024-06-05,Sunlight,3.26,23080.0,БК КОЛЬЦА,7080.0,"Цены ниже! Ещё -15%, код: НОЧЬ до 11:00",https://sunlight.net/catalog/ring_318251.html,7 000 руб. - 8 000 руб.
2024-06-05,Sunlight,1.38,8324.0,БК СЕРЬГИ,6032.0,"Цены ниже! Ещё -15%, код: НОЧЬ до 11:00",https://sunlight.net/catalog/earring_351230.html,6 000 руб. - 6 500 руб.
2024-06-05,Sunlight,3.21,25887.0,БК КОЛЬЦА,8064.0,"Цены ниже! Ещё -10%, код: НОЧЬ до 11:00",https://sunlight.net/catalog/ring_348520.html,8 000 руб. - 9 000 руб.
2024-06-05,Sunlight,3.21,20154.0,БК СЕРЬГИ,6279.0,"Цены ниже! Ещё -10%, код: НОЧЬ до 11:00",https://sunlight.net/catalog/earring_991111.html,6 000 руб. - 6 500 руб.
2024-06-05,Sunlight,1.2,8954.0,БК ПОДВЕС КУЛЬТ,7462.0,"Цены ниже! Ещё -20%, код: НОЧЬ до 11:00",https://sunlight.net/catalog/pendants_310755.html,7 000 руб. - 8 000 руб.
2024-06-05,Sunlight,0.64,3914.0,БК СЕРЬГИ,6116.0,"Цены ниже! Ещё -20%, код: НОЧЬ до 11:00",https://sunlight.net/catalog/earring_155069.html,6 000 руб. - 6 500 руб.
2024-06-05,Sunlight,3.14,27293.0,БК СЕРЬГИ,8692.0,"Цены ниже! Ещё -5%, код: НОЧЬ до 11:00",https://sunlight.net/catalog/earring_103807.html,8 000 руб. - 9 000 руб.
2024-06-05,Sunlight,1.85,10704.0,БК СЕРЬГИ,5786.0,"Цены ниже! Ещё -10%, код: НОЧЬ до 11:00",https://sunlight.net/catalog/earring_258325.html,5 500 руб. - 6 000 руб.
2024-06-05,Sunlight,32.16,186206.0,ЦБ БРАСЛЕТЫ,5790.0,ХИТ-цена,https://sunlight.net/catalog/bracelets_301848.html,5 500 руб. - 6 000 руб.
2024-06-05,Sunlight,1.68,11198.0,БК КОЛЬЦА ОБРУЧ,6665.0,"Цены ниже! Ещё -15%, код: НОЧЬ до 11:00",https://sunlight.net/catalog/ring_340486.html,6 500 руб. - 7 000 руб.
2024-06-05,Sunlight,2.71,15691.0,ЦБ БРАСЛЕТЫ,5790.0,"ХИТ-цена, Выгодно! Золото 5 290 р/г",https://sunlight.net/catalog/bracelets_45278.html,5 500 руб. - 6 000 руб.
2024-06-05,Sunlight,0.52,6490.0,БК СЕРЬГИ,12481.0,ХИТ-цена,https://sunlight.net/catalog/earring_38067.html,свыше 10 000 руб.
2024-06-05,Sunlight,4.97,40454.0,БК СЕРЬГИ,8140.0,"Цены ниже! Ещё -15%, код: НОЧЬ до 11:00",https://sunlight.net/catalog/earring_336241.html,8 000 руб. - 9 000 руб.
2024-06-05,Sunlight,0.87,5990.0,ЦБ БРАСЛЕТЫ,6885.0,ХИТ-цена,https://sunlight.net/catalog/bracelets_252292.html,6 500 руб. - 7 000 руб.
2024-06-05,Sunlight,4.24,29012.0,БК КОЛЬЦА,6842.0,"Цены ниже! Ещё -15%, код: НОЧЬ до 11:00",https://sunlight.net/catalog/ring_314819.html,6 500 руб. - 7 000 руб.
2024-06-05,Sunlight,2.17,16654.0,БК СЕРЬГИ,7675.0,"Цены ниже! Ещё -15%, код: НОЧЬ до 11:00",https://sunlight.net/catalog/earring_261178.html,7 000 руб. - 8 000 руб.
2024-06-05,Sunlight,2.36,16190.0,БК КОЛЬЦА,6860.0,"Цены ниже! Ещё -20%, код: НОЧЬ до 11:00",https://sunlight.net/catalog/ring_985397.html,6 500 руб. - 7 000 руб.
2024-06-05,Sunlight,3.86,28911.0,ЦБ ЦЕПИ,7490.0,ХИТ-цена,https://sunlight.net/catalog/chains_259933.html,7 000 руб. - 8 000 руб.
2024-06-05,Sunlight,4.22,31608.0,ЦБ ЦЕПИ,7490.0,ХИТ-цена,https://sunlight.net/catalog/chains_35531.html,7 000 руб. - 8 000 руб.
2024-06-05,Sunlight,0.43,4159.0,БК ПОДВЕС ДЕКОР,9672.0,"Цены ниже! Ещё -15%, код: НОЧЬ до 11:00",https://sunlight.net/catalog/pendants_991934.html,9 000 руб. - 10 000 руб.
2024-06-05,Sunlight,1.19,10074.0,БК ПОДВЕС КУЛЬТ,8466.0,"Цены ниже! Ещё -20%, код: НОЧЬ до 11:00",https://sunlight.net/catalog/pendants_277596.html,8 000 руб. - 9 000 руб.
2024-06-05,Sunlight,2.59,16317.0,БК КОЛЬЦА ОБРУЧ,6300.0,"Цены ниже! Ещё -10%, код: НОЧЬ до 11:00",https://sunlight.net/catalog/ring_88411.html,6 000 руб. - 6 500 руб.
2024-06-05,Sunlight,1.13,6994.0,БК СЕРЬГИ,6189.0,"Цены ниже! Ещё -20%, код: НОЧЬ до 11:00",https://sunlight.net/catalog/earring_216487.html,6 000 руб. - 6 500 руб.
2024-06-05,Sunlight,2.47,18500.0,ЦБ ЦЕПИ,7490.0,ХИТ-цена,https://sunlight.net/catalog/chains_144073.html,7 000 руб. - 8 000 руб.
2024-06-05,Sunlight,2.42,14274.0,БК СЕРЬГИ,5898.0,"Цены ниже! Ещё -15%, код: НОЧЬ до 11:00",https://sunlight.net/catalog/earring_992440.html,5 500 руб. - 6 000 руб.
2024-06-05,Sunlight,27.93,147750.0,ЦБ ЦЕПИ,5290.0,ХИТ-цена,https://sunlight.net/catalog/chains_151958.html,до 5 500 руб.
2024-06-05,Sunlight,2.8,22674.0,БК СЕРЬГИ,8098.0,"Цены ниже! Ещё -10%, код: НОЧЬ до 11:00",https://sunlight.net/catalog/earring_96483.html,8 000 руб. - 9 000 руб.
2024-06-05,Sunlight,1.14,6924.0,БК СЕРЬГИ,6074.0,"Цены ниже! Ещё -10%, код: НОЧЬ до 11:00",https://sunlight.net/catalog/earring_992477.html,6 000 руб. - 6 500 руб.
2024-06-05,Sunlight,2.24,17249.0,БК СЕРЬГИ,7700.0,"Цены ниже! Ещё -15%, код: НОЧЬ до 11:00",https://sunlight.net/catalog/earring_304260.html,7 000 руб. - 8 000 руб.
2024-06-05,Sunlight,0.61,4355.0,БК КОЛЬЦА,7139.0,"Цены ниже! Ещё -15%, код: НОЧЬ до 11:00",https://sunlight.net/catalog/ring_299553.html,7 000 руб. - 8 000 руб.
2024-06-05,Sunlight,3.23,24193.0,ЦБ БРАСЛЕТЫ,7490.0,ХИТ-цена,https://sunlight.net/catalog/bracelets_48147.html,7 000 руб. - 8 000 руб.
2024-06-05,Sunlight,3.48,24942.0,БК КОЛЬЦА,7167.0,"Цены ниже! Ещё -20%, код: НОЧЬ до 11:00",https://sunlight.net/catalog/ring_990084.html,7 000 руб. - 8 000 руб.
2024-06-05,Sunlight,1.1,8919.0,БК ПОДВЕС ДЕКОР,8108.0,"Цены ниже! Ещё -15%, код: НОЧЬ до 11:00",https://sunlight.net/catalog/pendants_271284.html,8 000 руб. - 9 000 руб.
2024-06-05,Sunlight,2.2,15378.0,ЦБ ЦЕПИ,6990.0,ХИТ-цена,https://sunlight.net/catalog/chains_79437.html,6 500 руб. - 7 000 руб.
2024-06-05,Sunlight,1.03,8954.0,БК СЕРЬГИ,8693.0,"Цены ниже! Ещё -20%, код: НОЧЬ до 11:00",https://sunlight.net/catalog/earring_257419.html,8 000 руб. - 9 000 руб.
2024-06-05,Sunlight,2.55,18052.0,БК КОЛЬЦА,7079.0,"Цены ниже! Ещё -15%, код: НОЧЬ до 11:00",https://sunlight.net/catalog/ring_348593.html,7 000 руб. - 8 000 руб.
2024-06-05,Sunlight,1.92,14381.0,ЦБ ЦЕПИ,7490.0,ХИТ-цена,https://sunlight.net/catalog/chains_79438.html,7 000 руб. - 8 000 руб.
2024-06-05,Sunlight,4.79,38669.0,БК СЕРЬГИ,8073.0,"Цены ниже! Ещё -15%, код: НОЧЬ до 11:00",https://sunlight.net/catalog/earring_336266.html,8 000 руб. - 9 000 руб.
2024-06-05,Sunlight,2.06,14399.0,ЦБ ЦЕПИ,6990.0,ХИТ-цена,https://sunlight.net/catalog/chains_75781.html,6 500 руб. - 7 000 руб.
2024-06-05,Sunlight,2.34,17267.0,БК КОЛЬЦА,7379.0,"Цены ниже! Ещё -15%, код: НОЧЬ до 11:00",https://sunlight.net/catalog/ring_992411.html,7 000 руб. - 8 000 руб.
2024-06-05,Sunlight,3.23,21331.0,БК КОЛЬЦА ОБРУЧ,6604.0,"Цены ниже! Ещё -15%, код: НОЧЬ до 11:00",https://sunlight.net/catalog/ring_277732.html,6 500 руб. - 7 000 руб.
2024-06-05,Sunlight,1.87,13465.0,БК КОЛЬЦА,7201.0,"Цены ниже! Ещё -15%, код: НОЧЬ до 11:00",https://sunlight.net/catalog/ring_279230.html,7 000 руб. - 8 000 руб.
2024-06-05,Sunlight,1.81,11964.0,БК СЕРЬГИ,6610.0,"Цены ниже! Ещё -10%, код: НОЧЬ до 11:00",https://sunlight.net/catalog/earring_258241.html,6 500 руб. - 7 000 руб.
2024-06-05,Sunlight,2.38,14869.0,БК СЕРЬГИ,6247.0,"Цены ниже! Ещё -15%, код: НОЧЬ до 11:00",https://sunlight.net/catalog/earring_304142.html,6 000 руб. - 6 500 руб.
2024-06-05,Sunlight,0.68,4754.0,БК ПОДВЕС КУЛЬТ,6991.0,"Цены ниже! Ещё -15%, код: НОЧЬ до 11:00",https://sunlight.net/catalog/pendants_344165.html,6 500 руб. - 7 000 руб.
2024-06-05,Sunlight,0.47,3564.0,БК ПОДВЕС КУЛЬТ,7583.0,"Цены ниже! Ещё -15%, код: НОЧЬ до 11:00",https://sunlight.net/catalog/pendants_277597.html,7 000 руб. - 8 000 руб.
2024-06-05,Sunlight,0.4,2794.0,БК ПОДВЕС КУЛЬТ,6985.0,"Цены ниже! Ещё -20%, код: НОЧЬ до 11:00",https://sunlight.net/catalog/pendants_249538.html,6 500 руб. - 7 000 руб.
2024-06-05,Sunlight,2.03,14190.0,ЦБ ЦЕПИ,6990.0,ХИТ-цена,https://sunlight.net/catalog/chains_93064.html,6 500 руб. - 7 000 руб.
2024-06-05,Sunlight,1.33,8499.0,БК ПОДВЕС ДЕКОР,6390.0,"Цены ниже! Ещё -10%, код: НОЧЬ до 11:00",https://sunlight.net/catalog/pendants_271326.html,6 000 руб. - 6 500 руб.
2024-06-05,Sunlight,2.56,15114.0,БК СЕРЬГИ,5904.0,"Цены ниже! Ещё -10%, код: НОЧЬ до 11:00",https://sunlight.net/catalog/earring_349356.html,5 500 руб. - 6 000 руб.
2024-06-05,Sunlight,1.14,10109.0,БК СЕРЬГИ,8868.0,"Цены ниже! Ещё -15%, код: НОЧЬ до 11:00",https://sunlight.net/catalog/earring_349256.html,8 000 руб. - 9 000 руб.
2024-06-05,Sunlight,0.91,5944.0,БК СЕРЬГИ,6532.0,"Цены ниже! Ещё -15%, код: НОЧЬ до 11:00",https://sunlight.net/catalog/earring_343427.html,6 500 руб. - 7 000 руб.
2024-06-05,Sunlight,2.09,11894.0,БК СЕРЬГИ,5691.0,"Цены ниже! Ещё -15%, код: НОЧЬ до 11:00",https://sunlight.net/catalog/earring_258056.html,5 500 руб. - 6 000 руб.
2024-06-05,Sunlight,1.61,11592.0,ЦБ БРАСЛЕТЫ,7200.0,ХИТ-цена,https://sunlight.net/catalog/bracelets_256239.html,7 000 руб. - 8 000 руб.
2024-06-05,Sunlight,2.24,13854.0,БК СЕРЬГИ,6185.0,"Цены ниже! Ещё -10%, код: НОЧЬ до 11:00",https://sunlight.net/catalog/earring_304130.html,6 000 руб. - 6 500 руб.
2024-06-05,Sunlight,1.0,13679.0,БК СЕРЬГИ,13679.0,"Цены ниже! Ещё -15%, код: НОЧЬ до 11:00",https://sunlight.net/catalog/earring_351812.html,свыше 10 000 руб.
2024-06-05,Sunlight,4.85,34504.0,БК СЕРЬГИ,7114.0,"Цены ниже! Ещё -15%, код: НОЧЬ до 11:00",https://sunlight.net/catalog/earring_993674.html,7 000 руб. - 8 000 руб.
2024-06-05,Sunlight,2.56,16794.0,БК СЕРЬГИ,6560.0,"Цены ниже! Ещё -20%, код: НОЧЬ до 11:00",https://sunlight.net/catalog/earring_155241.html,6 500 руб. - 7 000 руб.
2024-06-05,Sunlight,1.21,8184.0,БК ПОДВЕС ДЕКОР,6764.0,"Цены ниже! Ещё -10%, код: НОЧЬ до 11:00",https://sunlight.net/catalog/pendants_277667.html,6 500 руб. - 7 000 руб.
2024-06-05,Sunlight,11.3,76727.0,ЦБ БРАСЛЕТЫ,6790.0,ХИТ-цена,https://sunlight.net/catalog/bracelets_151996.html,6 500 руб. - 7 000 руб.
2024-06-05,Sunlight,2.21,16654.0,БК СЕРЬГИ,7536.0,"Цены ниже! Ещё -15%, код: НОЧЬ до 11:00",https://sunlight.net/catalog/earring_92869.html,7 000 руб. - 8 000 руб.
2024-06-05,Sunlight,0.98,8394.0,БК СЕРЬГИ,8565.0,"Цены ниже! Ещё -20%, код: НОЧЬ до 11:00",https://sunlight.net/catalog/earring_344663.html,8 000 руб. - 9 000 руб.
2024-06-05,Sunlight,0.78,5034.0,БК ПОДВЕС КУЛЬТ,6454.0,"Цены ниже! Ещё -10%, код: НОЧЬ до 11:00",https://sunlight.net/catalog/pendants_92465.html,6 000 руб. - 6 500 руб.
2024-06-05,Sunlight,2.74,20224.0,БК СЕРЬГИ,7381.0,"Цены ниже! Ещё -15%, код: НОЧЬ до 11:00",https://sunlight.net/catalog/earring_254868.html,7 000 руб. - 8 000 руб.
2024-06-05,Sunlight,5.25,35868.0,ЦБ БРАСЛЕТЫ,6832.0,"Цены ниже! Ещё -20%, код: НОЧЬ до 11:00",https://sunlight.net/catalog/bracelets_96830.html,6 500 руб. - 7 000 руб.
2024-06-05,Sunlight,1.2,7729.0,БК СЕРЬГИ,6441.0,"Цены ниже! Ещё -15%, код: НОЧЬ до 11:00",https://sunlight.net/catalog/earring_267879.html,6 000 руб. - 6 500 руб.
2024-06-05,Sunlight,4.41,30440.0,БК КОЛЬЦА,6902.0,"Цены ниже! Ещё -15%, код: НОЧЬ до 11:00",https://sunlight.net/catalog/ring_317899.html,6 500 руб. - 7 000 руб.
2024-06-05,Sunlight,0.6,4754.0,БК СЕРЬГИ,7923.0,"Цены ниже! Ещё -15%, код: НОЧЬ до 11:00",https://sunlight.net/catalog/one_earring_342045.html,7 000 руб. - 8 000 руб.
2024-06-05,Sunlight,2.76,15464.0,БК СЕРЬГИ,5603.0,"Цены ниже! Ещё -15%, код: НОЧЬ до 11:00",https://sunlight.net/catalog/earring_988192.html,5 500 руб. - 6 000 руб.
2024-06-05,Sunlight,2.32,16794.0,БК СЕРЬГИ,7239.0,"Цены ниже! Ещё -20%, код: НОЧЬ до 11:00",https://sunlight.net/catalog/earring_351955.html,7 000 руб. - 8 000 руб.
2024-06-05,Sunlight,1.74,14274.0,БК СЕРЬГИ,8203.0,"Цены ниже! Ещё -15%, код: НОЧЬ до 11:00",https://sunlight.net/catalog/earring_333423.html,8 000 руб. - 9 000 руб.
2024-06-05,Sunlight,3.12,19629.0,БК СЕРЬГИ,6291.0,"Цены ниже! Ещё -15%, код: НОЧЬ до 11:00",https://sunlight.net/catalog/earring_88567.html,6 000 руб. - 6 500 руб.
2024-06-05,Sunlight,1.11,8622.0,БК СЕРЬГИ,7768.0,"Цены ниже! Ещё -15%, код: НОЧЬ до 11:00",https://sunlight.net/catalog/earring_275479.html,7 000 руб. - 8 000 руб.
2024-06-05,Sunlight,3.19,23255.0,ЦБ ЦЕПИ,7290.0,ХИТ-цена,https://sunlight.net/catalog/chains_52045.html,7 000 руб. - 8 000 руб.
2024-06-05,Sunlight,1.87,15114.0,БК СЕРЬГИ,8082.0,"Цены ниже! Ещё -20%, код: НОЧЬ до 11:00",https://sunlight.net/catalog/earring_351954.html,8 000 руб. - 9 000 руб.
2024-06-05,Sunlight,2.8,17004.0,БК СЕРЬГИ,6073.0,"Цены ниже! Ещё -10%, код: НОЧЬ до 11:00",https://sunlight.net/catalog/earring_348595.html,6 000 руб. - 6 500 руб.
2024-06-05,Sunlight,3.67,23934.0,БК СЕРЬГИ,6522.0,"Цены ниже! Ещё -10%, код: НОЧЬ до 11:00",https://sunlight.net/catalog/earring_991109.html,6 500 руб. - 7 000 руб.
2024-06-05,Sunlight,1.12,6837.0,БК СЕРЬГИ,6104.0,"Цены ниже! Ещё -15%, код: НОЧЬ до 11:00",https://sunlight.net/catalog/earring_267882.html,6 000 руб. - 6 500 руб.
2024-06-05,Sunlight,3.89,39990.0,БК КОЛЬЦА,10280.0,ХИТ-цена,https://sunlight.net/catalog/ring_99016.html,свыше 10 000 руб.
2024-06-05,Sunlight,0.34,2255.0,БК ПОДВЕС ДЕКОР,6632.0,"Цены ниже! Ещё -15%, код: НОЧЬ до 11:00",https://sunlight.net/catalog/pendants_251077.html,6 500 руб. - 7 000 руб.
2024-06-05,Sunlight,1.8,11299.0,БК СЕРЬГИ,6277.0,"Цены ниже! Ещё -15%, код: НОЧЬ до 11:00",https://sunlight.net/catalog/earring_351811.html,6 000 руб. - 6 500 руб.
2024-06-05,Sunlight,0.61,4719.0,БК ПОДВЕС ДЕКОР,7736.0,"Цены ниже! Ещё -10%, код: НОЧЬ до 11:00",https://sunlight.net/catalog/pendants_986595.html,7 000 руб. - 8 000 руб.
2024-06-05,Sunlight,1.03,7396.0,БК КОЛЬЦА,7181.0,"Цены ниже! Ещё -10%, код: НОЧЬ до 11:00",https://sunlight.net/catalog/ring_328012.html,7 000 руб. - 8 000 руб.
2024-06-05,Sunlight,0.72,4719.0,БК СЕРЬГИ,6554.0,"Цены ниже! Ещё -10%, код: НОЧЬ до 11:00",https://sunlight.net/catalog/earring_281270.html,6 500 руб. - 7 000 руб.
2024-06-05,Sunlight,3.12,19524.0,БК СЕРЬГИ,6258.0,"Цены ниже! Ещё -10%, код: НОЧЬ до 11:00",https://sunlight.net/catalog/earring_88032.html,6 000 руб. - 6 500 руб.
2024-06-05,Sunlight,0.4,2933.0,БК ПОДВЕС ДЕКОР,7332.0,"Цены ниже! Ещё -5%, код: НОЧЬ до 11:00",https://sunlight.net/catalog/pendants_94012.html,7 000 руб. - 8 000 руб.
2024-06-05,Sunlight,1.18,7134.0,БК СЕРЬГИ,6046.0,"Цены ниже! Ещё -15%, код: НОЧЬ до 11:00",https://sunlight.net/catalog/earring_333440.html,6 000 руб. - 6 500 руб.
2024-06-05,Sunlight,0.26,2346.0,БК ПОДВЕС ДЕКОР,9023.0,"Цены ниже! Ещё -20%, код: НОЧЬ до 11:00",https://sunlight.net/catalog/pendants_335843.html,9 000 руб. - 10 000 руб.
2024-06-05,Sunlight,1.01,6434.0,БК СЕРЬГИ,6370.0,"Цены ниже! Ещё -20%, код: НОЧЬ до 11:00",https://sunlight.net/catalog/earring_153334.html,6 000 руб. - 6 500 руб.
2024-06-05,Sunlight,2.2,16478.0,ЦБ ЦЕПИ,7490.0,ХИТ-цена,https://sunlight.net/catalog/chains_65269.html,7 000 руб. - 8 000 руб.
2024-06-05,Sunlight,0.74,6434.0,БК СЕРЬГИ,8695.0,"Цены ниже! Ещё -20%, код: НОЧЬ до 11:00",https://sunlight.net/catalog/earring_83179.html,8 000 руб. - 9 000 руб.
2024-06-05,Sunlight,0.68,5034.0,БК ПОДВЕС КУЛЬТ,7403.0,"Цены ниже! Ещё -20%, код: НОЧЬ до 11:00",https://sunlight.net/catalog/pendants_277611.html,7 000 руб. - 8 000 руб.
2024-06-05,Sunlight,5.45,32990.0,БК СЕРЬГИ,6053.0,ХИТ-цена,https://sunlight.net/catalog/earring_256442.html,6 000 руб. - 6 500 руб.
2024-06-05,Sunlight,3.02,22620.0,ЦБ БРАСЛЕТЫ,7490.0,ХИТ-цена,https://sunlight.net/catalog/bracelets_81271.html,7 000 руб. - 8 000 руб.
2024-06-05,Sunlight,2.53,17160.0,БК КОЛЬЦА ОБРУЧ,6783.0,"Цены ниже! Ещё -15%, код: НОЧЬ до 11:00",https://sunlight.net/catalog/ring_984581.html,6 500 руб. - 7 000 руб.
2024-06-05,Sunlight,1.45,10704.0,БК ПОДВЕС КУЛЬТ,7382.0,"Цены ниже! Ещё -15%, код: НОЧЬ до 11:00",https://sunlight.net/catalog/pendants_354309.html,7 000 руб. - 8 000 руб.
2024-06-05,Sunlight,1.38,7884.0,БК КОЛЬЦА,5713.0,"Цены ниже! Ещё -15%, код: НОЧЬ до 11:00",https://sunlight.net/catalog/ring_335735.html,5 500 руб. - 6 000 руб.
2024-06-05,Sunlight,0.7,5034.0,БК ПОДВЕС КУЛЬТ,7191.0,"Цены ниже! Ещё -20%, код: НОЧЬ до 11:00",https://sunlight.net/catalog/pendants_329014.html,7 000 руб. - 8 000 руб.
2024-06-05,Sunlight,61.3,354927.0,ЦБ ЦЕПИ,5790.0,ХИТ-цена,https://sunlight.net/catalog/chains_152006.html,5 500 руб. - 6 000 руб.
2024-06-05,Sunlight,0.86,7134.0,БК ПОДВЕС ДЕКОР,8295.0,"Цены ниже! Ещё -15%, код: НОЧЬ до 11:00",https://sunlight.net/catalog/pendants_115319.html,8 000 руб. - 9 000 руб.
2024-06-05,Sunlight,2.25,14274.0,БК СЕРЬГИ,6344.0,"Цены ниже! Ещё -15%, код: НОЧЬ до 11:00",https://sunlight.net/catalog/earring_244047.html,6 000 руб. - 6 500 руб.
2024-06-05,Sunlight,1.96,14680.0,ЦБ БРАСЛЕТЫ,7490.0,ХИТ-цена,https://sunlight.net/catalog/bracelets_52570.html,7 000 руб. - 8 000 руб.
2024-06-05,Sunlight,4.64,34754.0,ЦБ БРАСЛЕТЫ,7490.0,ХИТ-цена,https://sunlight.net/catalog/bracelets_38141.html,7 000 руб. - 8 000 руб.
2024-06-05,Sunlight,7.03,49140.0,ЦБ ЦЕПИ,6990.0,ХИТ-цена,https://sunlight.net/catalog/chains_154791.html,6 500 руб. - 7 000 руб.
2024-06-05,Sunlight,3.23,22674.0,БК СЕРЬГИ,7020.0,"Цены ниже! Ещё -10%, код: НОЧЬ до 11:00",https://sunlight.net/catalog/earring_993671.html,7 000 руб. - 8 000 руб.
2024-06-05,Sunlight,3.24,18572.0,БК КОЛЬЦА,5732.0,"Цены ниже! Ещё -10%, код: НОЧЬ до 11:00",https://sunlight.net/catalog/ring_343545.html,5 500 руб. - 6 000 руб.
2024-06-05,Sunlight,0.62,3564.0,БК ПОДВЕС ДЕКОР,5748.0,"Цены ниже! Ещё -15%, код: НОЧЬ до 11:00",https://sunlight.net/catalog/pendants_333334.html,5 500 руб. - 6 000 руб.
2024-06-05,Sunlight,3.68,22953.0,БК КОЛЬЦА,6237.0,"Цены ниже! Ещё -5%, код: НОЧЬ до 11:00",https://sunlight.net/catalog/ring_328536.html,6 000 руб. - 6 500 руб.
2024-06-05,Sunlight,3.18,17844.0,БК СЕРЬГИ,5611.0,"Цены ниже! Ещё -15%, код: НОЧЬ до 11:00",https://sunlight.net/catalog/earring_299976.html,5 500 руб. - 6 000 руб.
2024-06-05,Sunlight,1.62,8967.0,БК КОЛЬЦА,5535.0,"Цены ниже! Ещё -15%, код: НОЧЬ до 11:00",https://sunlight.net/catalog/ring_274739.html,5 500 руб. - 6 000 руб.
2024-06-05,Sunlight,0.93,5349.0,БК ПОДВЕС ДЕКОР,5752.0,"Цены ниже! Ещё -10%, код: НОЧЬ до 11:00",https://sunlight.net/catalog/pendants_250754.html,5 500 руб. - 6 000 руб.
2024-06-05,Sunlight,0.35,2794.0,ЦБ БРАСЛЕТЫ,7983.0,"Цены ниже! Ещё -20%, код: НОЧЬ до 11:00",https://sunlight.net/catalog/bracelets_185346.html,7 000 руб. - 8 000 руб.
2024-06-05,Sunlight,3.37,20154.0,БК ПОДВЕС ДЕКОР,5980.0,"Цены ниже! Ещё -10%, код: НОЧЬ до 11:00",https://sunlight.net/catalog/pendants_179609.html,5 500 руб. - 6 000 руб.
2024-06-05,Sunlight,2.16,14869.0,БК СЕРЬГИ,6884.0,"Цены ниже! Ещё -15%, код: НОЧЬ до 11:00",https://sunlight.net/catalog/earring_168325.html,6 500 руб. - 7 000 руб.
2024-06-05,Sunlight,15.44,89398.0,ЦБ ЦЕПИ,5790.0,ХИТ-цена,https://sunlight.net/catalog/chains_89645.html,5 500 руб. - 6 000 руб.
2024-06-05,Sunlight,3.35,18439.0,БК СЕРЬГИ,5504.0,"Цены ниже! Ещё -15%, код: НОЧЬ до 11:00",https://sunlight.net/catalog/earring_87002.html,5 500 руб. - 6 000 руб.
2024-06-05,Sunlight,4.19,24260.0,ЦБ ЦЕПИ,5790.0,ХИТ-цена,https://sunlight.net/catalog/chains_36836.html,5 500 руб. - 6 000 руб.
2024-06-05,Sunlight,1.86,13950.0,ЦБ БРАСЛЕТЫ,7500.0,ХИТ-цена,https://sunlight.net/catalog/bracelets_995603.html,7 000 руб. - 8 000 руб.
2024-06-05,Sunlight,3.97,24513.0,БК КОЛЬЦА,6175.0,"Цены ниже! Ещё -10%, код: НОЧЬ до 11:00",https://sunlight.net/catalog/ring_992215.html,6 000 руб. - 6 500 руб.
2024-06-05,Sunlight,3.0,17634.0,БК СЕРЬГИ,5878.0,"Цены ниже! Ещё -10%, код: НОЧЬ до 11:00",https://sunlight.net/catalog/earring_346529.html,5 500 руб. - 6 000 руб.
2024-06-05,Sunlight,14.34,81194.0,БК ПОДВЕС КУЛЬТ,5662.0,"Цены ниже! Ещё -20%, код: НОЧЬ до 11:00",https://sunlight.net/catalog/pendants_988777.html,5 500 руб. - 6 000 руб.
2024-06-05,Sunlight,2.55,17844.0,БК СЕРЬГИ,6998.0,"Цены ниже! Ещё -15%, код: НОЧЬ до 11:00",https://sunlight.net/catalog/earring_985629.html,6 500 руб. - 7 000 руб.
2024-06-05,Sunlight,2.6,14387.0,БК КОЛЬЦА,5533.0,"Цены ниже! Ещё -15%, код: НОЧЬ до 11:00",https://sunlight.net/catalog/ring_984450.html,5 500 руб. - 6 000 руб.
2024-06-05,Sunlight,2.76,15744.0,БК СЕРЬГИ,5704.0,"Цены ниже! Ещё -10%, код: НОЧЬ до 11:00",https://sunlight.net/catalog/earring_984134.html,5 500 руб. - 6 000 руб.
2024-06-05,Sunlight,2.24,12531.0,БК КОЛЬЦА,5594.0,"Цены ниже! Ещё -15%, код: НОЧЬ до 11:00",https://sunlight.net/catalog/ring_336624.html,5 500 руб. - 6 000 руб.
2024-06-05,Sunlight,2.84,21272.0,ЦБ БРАСЛЕТЫ,7490.0,ХИТ-цена,https://sunlight.net/catalog/bracelets_193283.html,7 000 руб. - 8 000 руб.
2024-06-05,Sunlight,5.26,27543.0,ЦБ БРАСЛЕТЫ,5236.0,"Цены ниже! Ещё -15%, код: НОЧЬ до 11:00",https://sunlight.net/catalog/bracelets_108001.html,до 5 500 руб.
2024-06-05,Sunlight,2.23,16794.0,ЦБ БРАСЛЕТЫ,7531.0,"Цены ниже! Ещё -20%, код: НОЧЬ до 11:00",https://sunlight.net/catalog/bracelets_353595.html,7 000 руб. - 8 000 руб.
2024-06-05,Sunlight,2.84,16444.0,ЦБ ЦЕПИ,5790.0,ХИТ-цена,https://sunlight.net/catalog/chains_994825.html,5 500 руб. - 6 000 руб.
2024-06-05,Sunlight,4.91,35794.0,ЦБ ЦЕПИ,7290.0,ХИТ-цена,https://sunlight.net/catalog/chains_993926.html,7 000 руб. - 8 000 руб.
2024-06-05,Sunlight,3.01,17428.0,ЦБ ЦЕПИ,5790.0,ХИТ-цена,https://sunlight.net/catalog/chains_993837.html,5 500 руб. - 6 000 руб.
2024-06-05,Sunlight,4.22,25278.0,ЦБ ЦЕПИ,5990.0,ХИТ-цена,https://sunlight.net/catalog/chains_993836.html,5 500 руб. - 6 000 руб.
2024-06-05,Sunlight,2.85,19524.0,БК СЕРЬГИ,6851.0,"Цены ниже! Ещё -10%, код: НОЧЬ до 11:00",https://sunlight.net/catalog/earring_993682.html,6 500 руб. - 7 000 руб.
2024-06-05,Sunlight,3.53,23304.0,БК СЕРЬГИ,6602.0,"Цены ниже! Ещё -10%, код: НОЧЬ до 11:00",https://sunlight.net/catalog/earring_993648.html,6 500 руб. - 7 000 руб.
2024-06-05,Sunlight,2.07,14484.0,БК ПОДВЕС ДЕКОР,6997.0,"Цены ниже! Ещё -10%, код: НОЧЬ до 11:00",https://sunlight.net/catalog/pendants_993642.html,6 500 руб. - 7 000 руб.
2024-06-05,Sunlight,0.9,5052.0,БК СЕРЬГИ,5613.0,"Цены ниже! Ещё -15%, код: НОЧЬ до 11:00",https://sunlight.net/catalog/earring_349935.html,5 500 руб. - 6 000 руб.
2024-06-05,Sunlight,3.83,22044.0,БК СЕРЬГИ,5756.0,"Цены ниже! Ещё -10%, код: НОЧЬ до 11:00",https://sunlight.net/catalog/earring_989077.html,5 500 руб. - 6 000 руб.
2024-06-05,Sunlight,3.67,22674.0,БК СЕРЬГИ,6178.0,"Цены ниже! Ещё -10%, код: НОЧЬ до 11:00",https://sunlight.net/catalog/earring_346514.html,6 000 руб. - 6 500 руб.
2024-06-05,Sunlight,3.38,18701.0,БК КОЛЬЦА,5533.0,"Цены ниже! Ещё -15%, код: НОЧЬ до 11:00",https://sunlight.net/catalog/ring_345573.html,5 500 руб. - 6 000 руб.
2024-06-05,Sunlight,1.66,12489.0,БК СЕРЬГИ,7523.0,"Цены ниже! Ещё -15%, код: НОЧЬ до 11:00",https://sunlight.net/catalog/earring_345026.html,7 000 руб. - 8 000 руб.
2024-06-05,Sunlight,3.59,20784.0,БК СЕРЬГИ,5789.0,"Цены ниже! Ещё -10%, код: НОЧЬ до 11:00",https://sunlight.net/catalog/earring_985631.html,5 500 руб. - 6 000 руб.
2024-06-05,Sunlight,4.17,28111.0,БК КОЛЬЦА,6741.0,"Цены ниже! Ещё -10%, код: НОЧЬ до 11:00",https://sunlight.net/catalog/ring_985505.html,6 500 руб. - 7 000 руб.
2024-06-05,Sunlight,84.37,463191.0,ЦБ БРАСЛЕТЫ,5490.0,ХИТ-цена,https://sunlight.net/catalog/bracelets_343133.html,до 5 500 руб.
2024-06-05,Sunlight,8.79,68421.0,ЦБ ЦЕПИ,7784.0,"Цены ниже! Ещё -20%, код: НОЧЬ до 11:00",https://sunlight.net/catalog/chains_343124.html,7 000 руб. - 8 000 руб.
2024-06-05,Sunlight,2.2,12305.0,БК КОЛЬЦА,5593.0,"Цены ниже! Ещё -15%, код: НОЧЬ до 11:00",https://sunlight.net/catalog/ring_984451.html,5 500 руб. - 6 000 руб.
2024-06-05,Sunlight,2.46,13679.0,БК СЕРЬГИ,5561.0,"Цены ниже! Ещё -15%, код: НОЧЬ до 11:00",https://sunlight.net/catalog/earring_984144.html,5 500 руб. - 6 000 руб.
2024-06-05,Sunlight,1.22,11788.0,ЦБ БРАСЛЕТЫ,9662.0,нет скидочного купона,https://sunlight.net/catalog/bracelets_336037.html,9 000 руб. - 10 000 руб.
2024-06-05,Sunlight,1.31,13937.0,ЦБ ЦЕПИ,10639.0,нет скидочного купона,https://sunlight.net/catalog/chains_308820.html,свыше 10 000 руб.
2024-06-05,Sunlight,5.9,41775.0,ЦБ БРАСЛЕТЫ,7081.0,"Цены ниже! Ещё -15%, код: НОЧЬ до 11:00",https://sunlight.net/catalog/bracelets_306158.html,7 000 руб. - 8 000 руб.
2024-06-05,Sunlight,1.06,6714.0,БК ПОДВЕС ДЕКОР,6334.0,"Цены ниже! Ещё -20%, код: НОЧЬ до 11:00",https://sunlight.net/catalog/pendants_292269.html,6 000 руб. - 6 500 руб.
2024-06-05,Sunlight,1.79,11430.0,БК КОЛЬЦА,6385.0,"Цены ниже! Ещё -20%, код: НОЧЬ до 11:00",https://sunlight.net/catalog/ring_272952.html,6 000 руб. - 6 500 руб.
2024-06-05,Sunlight,2.54,14484.0,БК СЕРЬГИ,5702.0,"Цены ниже! Ещё -10%, код: НОЧЬ до 11:00",https://sunlight.net/catalog/earring_254870.html,5 500 руб. - 6 000 руб.
2024-06-05,Sunlight,1.69,9488.0,БК КОЛЬЦА,5614.0,"Цены ниже! Ещё -10%, код: НОЧЬ до 11:00",https://sunlight.net/catalog/ring_254845.html,5 500 руб. - 6 000 руб.
2024-06-05,Sunlight,6.48,44726.0,ЦБ БРАСЛЕТЫ,6902.0,"Цены ниже! Ещё -15%, код: НОЧЬ до 11:00",https://sunlight.net/catalog/bracelets_181064.html,6 500 руб. - 7 000 руб.
2024-06-05,Sunlight,2.48,17653.0,ЦБ БРАСЛЕТЫ,7118.0,"Цены ниже! Ещё -10%, код: НОЧЬ до 11:00",https://sunlight.net/catalog/bracelets_178888.html,7 000 руб. - 8 000 руб.
2024-06-05,Sunlight,3.13,22260.0,ЦБ БРАСЛЕТЫ,7112.0,"Цены ниже! Ещё -20%, код: НОЧЬ до 11:00",https://sunlight.net/catalog/bracelets_178820.html,7 000 руб. - 8 000 руб.
2024-06-05,Sunlight,2.52,17541.0,ЦБ БРАСЛЕТЫ,6961.0,"Цены ниже! Ещё -15%, код: НОЧЬ до 11:00",https://sunlight.net/catalog/bracelets_178816.html,6 500 руб. - 7 000 руб.
2024-06-05,Sunlight,3.32,22913.0,ЦБ БРАСЛЕТЫ,6902.0,"Цены ниже! Ещё -15%, код: НОЧЬ до 11:00",https://sunlight.net/catalog/bracelets_178810.html,6 500 руб. - 7 000 руб.
2024-06-05,Sunlight,5.96,34508.0,ЦБ ЦЕПИ,5790.0,ХИТ-цена,https://sunlight.net/catalog/chains_65279.html,5 500 руб. - 6 000 руб.
2024-06-05,Sunlight,1.16,9514.0,БК СЕРЬГИ,8202.0,"Цены ниже! Ещё -15%, код: НОЧЬ до 11:00",https://sunlight.net/catalog/earring_357716.html,8 000 руб. - 9 000 руб.
2024-06-05,Sunlight,1.28,7834.0,БК СЕРЬГИ,6120.0,"Цены ниже! Ещё -20%, код: НОЧЬ до 11:00",https://sunlight.net/catalog/earring_357715.html,6 000 руб. - 6 500 руб.
2024-06-05,Sunlight,1.19,8639.0,ЦБ БРАСЛЕТЫ,7260.0,"Цены ниже! Ещё -15%, код: НОЧЬ до 11:00",https://sunlight.net/catalog/bracelets_357348.html,7 000 руб. - 8 000 руб.
2024-06-05,Sunlight,1.95,13978.0,ЦБ БРАСЛЕТЫ,7168.0,"Цены ниже! Ещё -20%, код: НОЧЬ до 11:00",https://sunlight.net/catalog/bracelets_357347.html,7 000 руб. - 8 000 руб.
2024-06-05,Sunlight,12.46,60053.0,ЦБ БРАСЛЕТЫ,4820.0,"Цены ниже! Ещё -15%, код: НОЧЬ до 11:00",https://sunlight.net/catalog/bracelets_354897.html,до 5 500 руб.
2024-06-05,Sunlight,3.62,30660.0,ЦБ БРАСЛЕТЫ,8470.0,нет скидочного купона,https://sunlight.net/catalog/bracelets_354896.html,8 000 руб. - 9 000 руб.
2024-06-05,Sunlight,17.78,95194.0,БК ПОДВЕС КУЛЬТ,5354.0,"Цены ниже! Ещё -15%, код: НОЧЬ до 11:00",https://sunlight.net/catalog/pendants_354873.html,до 5 500 руб.
2024-06-05,Sunlight,8.02,53925.0,ЦБ БРАСЛЕТЫ,6724.0,"Цены ниже! Ещё -15%, код: НОЧЬ до 11:00",https://sunlight.net/catalog/bracelets_354835.html,6 500 руб. - 7 000 руб.
2024-06-05,Sunlight,7.61,52527.0,ЦБ БРАСЛЕТЫ,6902.0,"Цены ниже! Ещё -15%, код: НОЧЬ до 11:00",https://sunlight.net/catalog/bracelets_354834.html,6 500 руб. - 7 000 руб.
2024-06-05,Sunlight,8.06,50103.0,ЦБ БРАСЛЕТЫ,6216.0,"Цены ниже! Ещё -20%, код: НОЧЬ до 11:00",https://sunlight.net/catalog/bracelets_996990.html,6 000 руб. - 6 500 руб.
2024-06-05,Sunlight,76.97,422565.0,ЦБ ЦЕПИ,5490.0,ХИТ-цена,https://sunlight.net/catalog/chains_354356.html,до 5 500 руб.
2024-06-05,Sunlight,6.48,48538.0,ЦБ БРАСЛЕТЫ,7490.0,"Цены ниже! Ещё -5%, код: НОЧЬ до 11:00",https://sunlight.net/catalog/bracelets_996262.html,7 000 руб. - 8 000 руб.
2024-06-05,Sunlight,10.04,51727.0,ЦБ БРАСЛЕТЫ,5152.0,"Цены ниже! Ещё -20%, код: НОЧЬ до 11:00",https://sunlight.net/catalog/bracelets_995322.html,до 5 500 руб.
2024-06-05,Sunlight,8.85,46862.0,ЦБ БРАСЛЕТЫ,5295.0,"Цены ниже! Ещё -15%, код: НОЧЬ до 11:00",https://sunlight.net/catalog/bracelets_995321.html,до 5 500 руб.
2024-06-05,Sunlight,6.95,38531.0,ЦБ БРАСЛЕТЫ,5544.0,"Цены ниже! Ещё -10%, код: НОЧЬ до 11:00",https://sunlight.net/catalog/bracelets_995169.html,5 500 руб. - 6 000 руб.
2024-06-05,Sunlight,6.81,38184.0,ЦБ БРАСЛЕТЫ,5607.0,"Цены ниже! Ещё -10%, код: НОЧЬ до 11:00",https://sunlight.net/catalog/bracelets_995168.html,5 500 руб. - 6 000 руб.
2024-06-05,Sunlight,14.66,71525.0,ЦБ БРАСЛЕТЫ,4879.0,"Цены ниже! Ещё -15%, код: НОЧЬ до 11:00",https://sunlight.net/catalog/bracelets_995161.html,до 5 500 руб.
2024-06-05,Sunlight,38.86,232771.0,ЦБ БРАСЛЕТЫ,5990.0,ХИТ-цена,https://sunlight.net/catalog/bracelets_994329.html,5 500 руб. - 6 000 руб.
2024-06-05,Sunlight,19.11,102334.0,ЦБ БРАСЛЕТЫ,5355.0,"Цены ниже! Ещё -15%, код: НОЧЬ до 11:00",https://sunlight.net/catalog/bracelets_351932.html,до 5 500 руб.
2024-06-05,Sunlight,8.02,46262.0,ЦБ БРАСЛЕТЫ,5768.0,"Цены ниже! Ещё -20%, код: НОЧЬ до 11:00",https://sunlight.net/catalog/bracelets_351819.html,5 500 руб. - 6 000 руб.
2024-06-05,Sunlight,6.16,34537.0,ЦБ БРАСЛЕТЫ,5607.0,"Цены ниже! Ещё -10%, код: НОЧЬ до 11:00",https://sunlight.net/catalog/bracelets_351782.html,5 500 руб. - 6 000 руб.
2024-06-05,Sunlight,7.83,49849.0,ЦБ БРАСЛЕТЫ,6366.0,"Цены ниже! Ещё -15%, код: НОЧЬ до 11:00",https://sunlight.net/catalog/bracelets_351767.html,6 000 руб. - 6 500 руб.
2024-06-05,Sunlight,5.27,36057.0,ЦБ БРАСЛЕТЫ,6842.0,"Цены ниже! Ещё -15%, код: НОЧЬ до 11:00",https://sunlight.net/catalog/bracelets_351760.html,6 500 руб. - 7 000 руб.
2024-06-05,Sunlight,28.46,157485.0,ЦБ БРАСЛЕТЫ,5534.0,"Цены ниже! Ещё -15%, код: НОЧЬ до 11:00",https://sunlight.net/catalog/bracelets_351759.html,5 500 руб. - 6 000 руб.
2024-06-05,Sunlight,2.5,14647.0,ЦБ БРАСЛЕТЫ,5859.0,"Цены ниже! Ещё -10%, код: НОЧЬ до 11:00",https://sunlight.net/catalog/bracelets_993620.html,5 500 руб. - 6 000 руб.
2024-06-05,Sunlight,3.1,26366.0,ЦБ БРАСЛЕТЫ,8505.0,"Цены ниже! Ещё -10%, код: НОЧЬ до 11:00",https://sunlight.net/catalog/bracelets_992220.html,8 000 руб. - 9 000 руб.
2024-06-05,Sunlight,5.72,37475.0,ЦБ БРАСЛЕТЫ,6552.0,"Цены ниже! Ещё -20%, код: НОЧЬ до 11:00",https://sunlight.net/catalog/bracelets_992218.html,6 500 руб. - 7 000 руб.
2024-06-05,Sunlight,9.09,54975.0,ЦБ БРАСЛЕТЫ,6048.0,"Цены ниже! Ещё -20%, код: НОЧЬ до 11:00",https://sunlight.net/catalog/bracelets_991987.html,6 000 руб. - 6 500 руб.
2024-06-05,Sunlight,8.76,55252.0,ЦБ БРАСЛЕТЫ,6307.0,"Цены ниже! Ещё -15%, код: НОЧЬ до 11:00",https://sunlight.net/catalog/bracelets_991985.html,6 000 руб. - 6 500 руб.
2024-06-05,Sunlight,108.28,594457.0,ЦБ ЦЕПИ,5490.0,ХИТ-цена,https://sunlight.net/catalog/chains_991808.html,до 5 500 руб.
2024-06-05,Sunlight,8.91,47713.0,ЦБ БРАСЛЕТЫ,5355.0,"Цены ниже! Ещё -15%, код: НОЧЬ до 11:00",https://sunlight.net/catalog/bracelets_349399.html,до 5 500 руб.
2024-06-05,Sunlight,4.95,38254.0,ЦБ БРАСЛЕТЫ,7728.0,"Цены ниже! Ещё -20%, код: НОЧЬ до 11:00",https://sunlight.net/catalog/bracelets_991690.html,7 000 руб. - 8 000 руб.
2024-06-05,Sunlight,4.3,33594.0,ЦБ БРАСЛЕТЫ,7813.0,"Цены ниже! Ещё -20%, код: НОЧЬ до 11:00",https://sunlight.net/catalog/bracelets_991138.html,7 000 руб. - 8 000 руб.
2024-06-05,Sunlight,6.1,44408.0,ЦБ БРАСЛЕТЫ,7280.0,"Цены ниже! Ещё -20%, код: НОЧЬ до 11:00",https://sunlight.net/catalog/bracelets_990241.html,7 000 руб. - 8 000 руб.
2024-06-05,Sunlight,2.8,18172.0,ЦБ ЦЕПИ,6490.0,ХИТ-цена,https://sunlight.net/catalog/chains_347620.html,6 000 руб. - 6 500 руб.
2024-06-05,Sunlight,3.47,24255.0,ЦБ ЦЕПИ,6990.0,ХИТ-цена,https://sunlight.net/catalog/chains_347613.html,6 500 руб. - 7 000 руб.
2024-06-05,Sunlight,5.69,42618.0,ЦБ ЦЕПИ,7490.0,ХИТ-цена,https://sunlight.net/catalog/chains_347491.html,7 000 руб. - 8 000 руб.
2024-06-05,Sunlight,7.01,48802.0,ЦБ БРАСЛЕТЫ,6962.0,"Цены ниже! Ещё -15%, код: НОЧЬ до 11:00",https://sunlight.net/catalog/bracelets_989062.html,6 500 руб. - 7 000 руб.
2024-06-05,Sunlight,1.16,7528.0,ЦБ БРАСЛЕТЫ,6490.0,ХИТ-цена,https://sunlight.net/catalog/bracelets_988818.html,6 000 руб. - 6 500 руб.
2024-06-05,Sunlight,6.23,42626.0,ЦБ БРАСЛЕТЫ,6842.0,"Цены ниже! Ещё -15%, код: НОЧЬ до 11:00",https://sunlight.net/catalog/bracelets_988802.html,6 500 руб. - 7 000 руб.
2024-06-05,Sunlight,10.21,52854.0,ЦБ БРАСЛЕТЫ,5177.0,"Цены ниже! Ещё -15%, код: НОЧЬ до 11:00",https://sunlight.net/catalog/bracelets_345090.html,до 5 500 руб.
2024-06-05,Sunlight,9.42,48201.0,ЦБ БРАСЛЕТЫ,5117.0,"Цены ниже! Ещё -15%, код: НОЧЬ до 11:00",https://sunlight.net/catalog/bracelets_345089.html,до 5 500 руб.
2024-06-05,Sunlight,8.9,45853.0,ЦБ БРАСЛЕТЫ,5152.0,"Цены ниже! Ещё -20%, код: НОЧЬ до 11:00",https://sunlight.net/catalog/bracelets_345087.html,до 5 500 руб.
2024-06-05,Sunlight,157.78,866212.0,ЦБ ЦЕПИ,5490.0,ХИТ-цена,https://sunlight.net/catalog/chains_344747.html,до 5 500 руб.
2024-06-05,Sunlight,97.23,533793.0,ЦБ ЦЕПИ,5490.0,ХИТ-цена,https://sunlight.net/catalog/chains_344746.html,до 5 500 руб.
2024-06-05,Sunlight,1.06,7568.0,ЦБ БРАСЛЕТЫ,7140.0,"Цены ниже! Ещё -15%, код: НОЧЬ до 11:00",https://sunlight.net/catalog/bracelets_344031.html,7 000 руб. - 8 000 руб.
2024-06-05,Sunlight,3.04,32474.0,ЦБ БРАСЛЕТЫ,10682.0,"Цены ниже! Ещё -20%, код: НОЧЬ до 11:00",https://sunlight.net/catalog/bracelets_986078.html,свыше 10 000 руб.
2024-06-05,Sunlight,15.52,89861.0,ЦБ ЦЕПИ,5790.0,ХИТ-цена,https://sunlight.net/catalog/chains_343469.html,5 500 руб. - 6 000 руб.
2024-06-05,Sunlight,8.85,48070.0,ЦБ ЦЕПИ,5432.0,"Цены ниже! Ещё -20%, код: НОЧЬ до 11:00",https://sunlight.net/catalog/chains_343447.html,до 5 500 руб.
2024-06-05,Sunlight,6.1,33818.0,ЦБ БРАСЛЕТЫ,5544.0,"Цены ниже! Ещё -10%, код: НОЧЬ до 11:00",https://sunlight.net/catalog/bracelets_343388.html,5 500 руб. - 6 000 руб.
2024-06-05,Sunlight,10.38,50646.0,ЦБ БРАСЛЕТЫ,4879.0,"Цены ниже! Ещё -15%, код: НОЧЬ до 11:00",https://sunlight.net/catalog/bracelets_343365.html,до 5 500 руб.
2024-06-05,Sunlight,3.94,22094.0,ЦБ БРАСЛЕТЫ,5608.0,"Цены ниже! Ещё -10%, код: НОЧЬ до 11:00",https://sunlight.net/catalog/bracelets_343345.html,5 500 руб. - 6 000 руб.
2024-06-05,Sunlight,18.95,107112.0,ЦБ БРАСЛЕТЫ,5652.0,"Цены ниже! Ещё -15%, код: НОЧЬ до 11:00",https://sunlight.net/catalog/bracelets_343258.html,5 500 руб. - 6 000 руб.
2024-06-05,Sunlight,11.13,67550.0,ЦБ БРАСЛЕТЫ,6069.0,"Цены ниже! Ещё -15%, код: НОЧЬ до 11:00",https://sunlight.net/catalog/bracelets_343122.html,6 000 руб. - 6 500 руб.
2024-06-05,Sunlight,6.33,41430.0,ЦБ БРАСЛЕТЫ,6545.0,"Цены ниже! Ещё -15%, код: НОЧЬ до 11:00",https://sunlight.net/catalog/bracelets_343109.html,6 500 руб. - 7 000 руб.
2024-06-05,Sunlight,6.91,46435.0,ЦБ БРАСЛЕТЫ,6720.0,"Цены ниже! Ещё -20%, код: НОЧЬ до 11:00",https://sunlight.net/catalog/bracelets_343108.html,6 500 руб. - 7 000 руб.
2024-06-05,Sunlight,9.07,49111.0,ЦБ БРАСЛЕТЫ,5415.0,"Цены ниже! Ещё -15%, код: НОЧЬ до 11:00",https://sunlight.net/catalog/bracelets_343103.html,до 5 500 руб.
2024-06-05,Sunlight,23.53,105006.0,ЦБ БРАСЛЕТЫ,4463.0,"Цены ниже! Ещё -15%, код: НОЧЬ до 11:00",https://sunlight.net/catalog/bracelets_343093.html,до 5 500 руб.
2024-06-05,Sunlight,6.44,44358.0,ЦБ БРАСЛЕТЫ,6888.0,"Цены ниже! Ещё -20%, код: НОЧЬ до 11:00",https://sunlight.net/catalog/bracelets_343091.html,6 500 руб. - 7 000 руб.
2024-06-05,Sunlight,5.96,41384.0,ЦБ БРАСЛЕТЫ,6944.0,"Цены ниже! Ещё -20%, код: НОЧЬ до 11:00",https://sunlight.net/catalog/bracelets_343088.html,6 500 руб. - 7 000 руб.
2024-06-05,Sunlight,8.58,54292.0,ЦБ БРАСЛЕТЫ,6328.0,"Цены ниже! Ещё -20%, код: НОЧЬ до 11:00",https://sunlight.net/catalog/bracelets_343083.html,6 000 руб. - 6 500 руб.
2024-06-05,Sunlight,12.9,82083.0,ЦБ БРАСЛЕТЫ,6363.0,"Цены ниже! Ещё -10%, код: НОЧЬ до 11:00",https://sunlight.net/catalog/bracelets_340830.html,6 000 руб. - 6 500 руб.
2024-06-05,Sunlight,9.27,60738.0,ЦБ БРАСЛЕТЫ,6552.0,"Цены ниже! Ещё -10%, код: НОЧЬ до 11:00",https://sunlight.net/catalog/bracelets_340829.html,6 500 руб. - 7 000 руб.
2024-06-05,Sunlight,9.68,72638.0,ЦБ БРАСЛЕТЫ,7504.0,"Цены ниже! Ещё -20%, код: НОЧЬ до 11:00",https://sunlight.net/catalog/bracelets_340828.html,7 000 руб. - 8 000 руб.
2024-06-05,Sunlight,14.45,89214.0,ЦБ БРАСЛЕТЫ,6174.0,"Цены ниже! Ещё -10%, код: НОЧЬ до 11:00",https://sunlight.net/catalog/bracelets_340827.html,6 000 руб. - 6 500 руб.
2024-06-05,Sunlight,1.51,11138.0,ЦБ БРАСЛЕТЫ,7376.0,"Цены ниже! Ещё -15%, код: НОЧЬ до 11:00",https://sunlight.net/catalog/bracelets_340189.html,7 000 руб. - 8 000 руб.
2024-06-05,Sunlight,1.63,10186.0,БК КОЛЬЦА ОБРУЧ,6249.0,"Цены ниже! Ещё -15%, код: НОЧЬ до 11:00",https://sunlight.net/catalog/ring_339930.html,6 000 руб. - 6 500 руб.
2024-06-05,Sunlight,3.99,29087.0,ЦБ БРАСЛЕТЫ,7290.0,ХИТ-цена,https://sunlight.net/catalog/bracelets_338755.html,7 000 руб. - 8 000 руб.
2024-06-05,Sunlight,2.69,14887.0,ЦБ БРАСЛЕТЫ,5534.0,"Цены ниже! Ещё -15%, код: НОЧЬ до 11:00",https://sunlight.net/catalog/bracelets_336246.html,5 500 руб. - 6 000 руб.
2024-06-05,Sunlight,5.14,29465.0,ЦБ БРАСЛЕТЫ,5732.0,"Цены ниже! Ещё -10%, код: НОЧЬ до 11:00",https://sunlight.net/catalog/bracelets_333556.html,5 500 руб. - 6 000 руб.
2024-06-05,Sunlight,14.02,66735.0,ЦБ БРАСЛЕТЫ,4760.0,"Цены ниже! Ещё -20%, код: НОЧЬ до 11:00",https://sunlight.net/catalog/bracelets_331981.html,до 5 500 руб.
2024-06-05,Sunlight,1.47,8395.0,ЦБ БРАСЛЕТЫ,5711.0,"Цены ниже! Ещё -15%, код: НОЧЬ до 11:00",https://sunlight.net/catalog/bracelets_329468.html,5 500 руб. - 6 000 руб.
2024-06-05,Sunlight,2.34,24899.0,ЦБ ЦЕПИ,10641.0,нет скидочного купона,https://sunlight.net/catalog/chains_309077.html,свыше 10 000 руб.
2024-06-05,Sunlight,3.46,37058.0,ЦБ ЦЕПИ,10710.0,нет скидочного купона,https://sunlight.net/catalog/chains_308334.html,свыше 10 000 руб.
2024-06-05,Sunlight,3.75,41216.0,ЦБ ЦЕПИ,10991.0,нет скидочного купона,https://sunlight.net/catalog/chains_306220.html,свыше 10 000 руб.
2024-06-05,Sunlight,1.65,16982.0,ЦБ ЦЕПИ,10292.0,нет скидочного купона,https://sunlight.net/catalog/chains_301437.html,свыше 10 000 руб.
2024-06-05,Sunlight,4.59,52374.0,ЦБ БРАСЛЕТЫ,11410.0,нет скидочного купона,https://sunlight.net/catalog/bracelets_296004.html,свыше 10 000 руб.
2024-06-05,Sunlight,8.54,61594.0,ЦБ БРАСЛЕТЫ,7212.0,"Цены ниже! Ещё -20%, код: НОЧЬ до 11:00",https://sunlight.net/catalog/bracelets_293448.html,7 000 руб. - 8 000 руб.
2024-06-05,Sunlight,2.45,26068.0,ЦБ БРАСЛЕТЫ,10640.0,нет скидочного купона,https://sunlight.net/catalog/bracelets_292999.html,свыше 10 000 руб.
2024-06-05,Sunlight,2.53,26208.0,ЦБ БРАСЛЕТЫ,10359.0,нет скидочного купона,https://sunlight.net/catalog/bracelets_289921.html,свыше 10 000 руб.
2024-06-05,Sunlight,54.05,312950.0,ЦБ ЦЕПИ,5790.0,ХИТ-цена,https://sunlight.net/catalog/chains_276816.html,5 500 руб. - 6 000 руб.
2024-06-05,Sunlight,0.45,3354.0,БК ПОДВЕС КУЛЬТ,7453.0,"Второе в подарок, код 1=2, Цены ниже! Ещё -20%, код: НОЧЬ до 11:00",https://sunlight.net/catalog/pendants_270656.html,7 000 руб. - 8 000 руб.
2024-06-05,Sunlight,5.86,38724.0,ЦБ БРАСЛЕТЫ,6608.0,"Цены ниже! Ещё -20%, код: НОЧЬ до 11:00",https://sunlight.net/catalog/bracelets_238761.html,6 500 руб. - 7 000 руб.
2024-06-05,Sunlight,5.61,34637.0,ЦБ БРАСЛЕТЫ,6174.0,"Цены ниже! Ещё -10%, код: НОЧЬ до 11:00",https://sunlight.net/catalog/bracelets_238712.html,6 000 руб. - 6 500 руб.
2024-06-05,Sunlight,1.94,12611.0,БК КОЛЬЦА,6501.0,"Цены ниже! Ещё -20%, код: НОЧЬ до 11:00",https://sunlight.net/catalog/ring_186662.html,6 500 руб. - 7 000 руб.
2024-06-05,Sunlight,9.45,65488.0,ЦБ БРАСЛЕТЫ,6930.0,"Цены ниже! Ещё -10%, код: НОЧЬ до 11:00",https://sunlight.net/catalog/bracelets_186612.html,6 500 руб. - 7 000 руб.
2024-06-05,Sunlight,9.65,66874.0,ЦБ БРАСЛЕТЫ,6930.0,"Цены ниже! Ещё -10%, код: НОЧЬ до 11:00",https://sunlight.net/catalog/bracelets_186611.html,6 500 руб. - 7 000 руб.
2024-06-05,Sunlight,8.7,54079.0,ЦБ ЦЕПИ,6216.0,"Цены ниже! Ещё -20%, код: НОЧЬ до 11:00",https://sunlight.net/catalog/chains_997351.html,6 000 руб. - 6 500 руб.
2024-06-05,Sunlight,2.63,18153.0,ЦБ БРАСЛЕТЫ,6902.0,"Цены ниже! Ещё -15%, код: НОЧЬ до 11:00",https://sunlight.net/catalog/bracelets_185458.html,6 500 руб. - 7 000 руб.
2024-06-05,Sunlight,3.1,22872.0,ЦБ БРАСЛЕТЫ,7378.0,"Цены ниже! Ещё -15%, код: НОЧЬ до 11:00",https://sunlight.net/catalog/bracelets_185381.html,7 000 руб. - 8 000 руб.
2024-06-05,Sunlight,14.2,92939.0,ЦБ БРАСЛЕТЫ,6545.0,"Цены ниже! Ещё -15%, код: НОЧЬ до 11:00",https://sunlight.net/catalog/bracelets_185345.html,6 500 руб. - 7 000 руб.
2024-06-05,Sunlight,12.48,82425.0,ЦБ БРАСЛЕТЫ,6605.0,"Цены ниже! Ещё -15%, код: НОЧЬ до 11:00",https://sunlight.net/catalog/bracelets_185344.html,6 500 руб. - 7 000 руб.
2024-06-05,Sunlight,10.56,67229.0,ЦБ БРАСЛЕТЫ,6366.0,"Цены ниже! Ещё -15%, код: НОЧЬ до 11:00",https://sunlight.net/catalog/bracelets_185343.html,6 000 руб. - 6 500 руб.
2024-06-05,Sunlight,1.2,8954.0,ЦБ БРАСЛЕТЫ,7462.0,"Цены ниже! Ещё -20%, код: НОЧЬ до 11:00",https://sunlight.net/catalog/bracelets_185341.html,7 000 руб. - 8 000 руб.
2024-06-05,Sunlight,1.16,8954.0,ЦБ БРАСЛЕТЫ,7719.0,"Цены ниже! Ещё -20%, код: НОЧЬ до 11:00",https://sunlight.net/catalog/bracelets_185340.html,7 000 руб. - 8 000 руб.
2024-06-05,Sunlight,5.54,39710.0,ЦБ БРАСЛЕТЫ,7168.0,"Цены ниже! Ещё -20%, код: НОЧЬ до 11:00",https://sunlight.net/catalog/bracelets_184491.html,7 000 руб. - 8 000 руб.
2024-06-05,Sunlight,4.55,37264.0,ЦБ БРАСЛЕТЫ,8190.0,"Цены ниже! Ещё -10%, код: НОЧЬ до 11:00",https://sunlight.net/catalog/bracelets_184476.html,8 000 руб. - 9 000 руб.
2024-06-05,Sunlight,3.2,27328.0,ЦБ БРАСЛЕТЫ,8540.0,"Цены ниже! Ещё -20%, код: НОЧЬ до 11:00",https://sunlight.net/catalog/bracelets_184045.html,8 000 руб. - 9 000 руб.
2024-06-05,Sunlight,0.57,4474.0,ЦБ БРАСЛЕТЫ,7849.0,"Цены ниже! Ещё -20%, код: НОЧЬ до 11:00",https://sunlight.net/catalog/bracelets_183257.html,7 000 руб. - 8 000 руб.
2024-06-05,Sunlight,2.04,15535.0,ЦБ БРАСЛЕТЫ,7615.0,"Цены ниже! Ещё -15%, код: НОЧЬ до 11:00",https://sunlight.net/catalog/bracelets_183240.html,7 000 руб. - 8 000 руб.
2024-06-05,Sunlight,2.96,22567.0,ЦБ БРАСЛЕТЫ,7624.0,"Цены ниже! Ещё -10%, код: НОЧЬ до 11:00",https://sunlight.net/catalog/bracelets_183239.html,7 000 руб. - 8 000 руб.
2024-06-05,Sunlight,5.78,41754.0,ЦБ БРАСЛЕТЫ,7224.0,"Цены ниже! Ещё -20%, код: НОЧЬ до 11:00",https://sunlight.net/catalog/bracelets_183222.html,7 000 руб. - 8 000 руб.
2024-06-05,Sunlight,5.44,38690.0,ЦБ БРАСЛЕТЫ,7112.0,"Цены ниже! Ещё -20%, код: НОЧЬ до 11:00",https://sunlight.net/catalog/bracelets_183221.html,7 000 руб. - 8 000 руб.
2024-06-05,Sunlight,10.85,73823.0,ЦБ БРАСЛЕТЫ,6804.0,"Цены ниже! Ещё -10%, код: НОЧЬ до 11:00",https://sunlight.net/catalog/bracelets_183192.html,6 500 руб. - 7 000 руб.
2024-06-05,Sunlight,4.49,25997.0,ЦБ БРАСЛЕТЫ,5790.0,ХИТ-цена,https://sunlight.net/catalog/bracelets_183105.html,5 500 руб. - 6 000 руб.
2024-06-05,Sunlight,1.31,8502.0,ЦБ БРАСЛЕТЫ,6490.0,ХИТ-цена,https://sunlight.net/catalog/bracelets_183103.html,6 000 руб. - 6 500 руб.
2024-06-05,Sunlight,20.94,116094.0,ЦБ БРАСЛЕТЫ,5544.0,"Цены ниже! Ещё -20%, код: НОЧЬ до 11:00",https://sunlight.net/catalog/bracelets_182749.html,5 500 руб. - 6 000 руб.
2024-06-05,Sunlight,9.31,58391.0,ЦБ БРАСЛЕТЫ,6272.0,"Цены ниже! Ещё -20%, код: НОЧЬ до 11:00",https://sunlight.net/catalog/bracelets_182748.html,6 000 руб. - 6 500 руб.
2024-06-05,Sunlight,5.16,32654.0,ЦБ БРАСЛЕТЫ,6328.0,"Цены ниже! Ещё -20%, код: НОЧЬ до 11:00",https://sunlight.net/catalog/bracelets_182661.html,6 000 руб. - 6 500 руб.
2024-06-05,Sunlight,5.17,35682.0,ЦБ БРАСЛЕТЫ,6902.0,"Цены ниже! Ещё -15%, код: НОЧЬ до 11:00",https://sunlight.net/catalog/bracelets_182386.html,6 500 руб. - 7 000 руб.
2024-06-05,Sunlight,5.67,39133.0,ЦБ БРАСЛЕТЫ,6902.0,"Цены ниже! Ещё -15%, код: НОЧЬ до 11:00",https://sunlight.net/catalog/bracelets_182385.html,6 500 руб. - 7 000 руб.
2024-06-05,Sunlight,4.32,32117.0,ЦБ БРАСЛЕТЫ,7434.0,"Цены ниже! Ещё -10%, код: НОЧЬ до 11:00",https://sunlight.net/catalog/bracelets_182360.html,7 000 руб. - 8 000 руб.
2024-06-05,Sunlight,8.21,57156.0,ЦБ БРАСЛЕТЫ,6962.0,"Цены ниже! Ещё -15%, код: НОЧЬ до 11:00",https://sunlight.net/catalog/bracelets_182217.html,6 500 руб. - 7 000 руб.
2024-06-05,Sunlight,4.31,31797.0,ЦБ БРАСЛЕТЫ,7377.0,"Цены ниже! Ещё -15%, код: НОЧЬ до 11:00",https://sunlight.net/catalog/bracelets_182191.html,7 000 руб. - 8 000 руб.
2024-06-05,Sunlight,3.86,28709.0,ЦБ БРАСЛЕТЫ,7438.0,"Цены ниже! Ещё -15%, код: НОЧЬ до 11:00",https://sunlight.net/catalog/bracelets_182190.html,7 000 руб. - 8 000 руб.
2024-06-05,Sunlight,3.11,22759.0,ЦБ БРАСЛЕТЫ,7318.0,"Цены ниже! Ещё -15%, код: НОЧЬ до 11:00",https://sunlight.net/catalog/bracelets_181104.html,7 000 руб. - 8 000 руб.
2024-06-05,Sunlight,2.45,17201.0,ЦБ БРАСЛЕТЫ,7021.0,"Цены ниже! Ещё -15%, код: НОЧЬ до 11:00",https://sunlight.net/catalog/bracelets_181098.html,7 000 руб. - 8 000 руб.
2024-06-05,Sunlight,7.82,41876.0,ЦБ БРАСЛЕТЫ,5355.0,"Цены ниже! Ещё -15%, код: НОЧЬ до 11:00",https://sunlight.net/catalog/bracelets_181067.html,до 5 500 руб.
2024-06-05,Sunlight,4.18,23965.0,ЦБ БРАСЛЕТЫ,5733.0,"Цены ниже! Ещё -10%, код: НОЧЬ до 11:00",https://sunlight.net/catalog/bracelets_181065.html,5 500 руб. - 6 000 руб.
2024-06-05,Sunlight,6.64,44643.0,ЦБ БРАСЛЕТЫ,6723.0,"Цены ниже! Ещё -15%, код: НОЧЬ до 11:00",https://sunlight.net/catalog/bracelets_181063.html,6 500 руб. - 7 000 руб.
2024-06-05,Sunlight,5.67,39054.0,ЦБ БРАСЛЕТЫ,6888.0,"Цены ниже! Ещё -20%, код: НОЧЬ до 11:00",https://sunlight.net/catalog/bracelets_181062.html,6 500 руб. - 7 000 руб.
2024-06-05,Sunlight,5.89,33396.0,ЦБ БРАСЛЕТЫ,5670.0,"Цены ниже! Ещё -10%, код: НОЧЬ до 11:00",https://sunlight.net/catalog/bracelets_181061.html,5 500 руб. - 6 000 руб.
2024-06-05,Sunlight,7.53,50629.0,ЦБ ЦЕПИ,6724.0,"Цены ниже! Ещё -15%, код: НОЧЬ до 11:00",https://sunlight.net/catalog/chains_178817.html,6 500 руб. - 7 000 руб.
2024-06-05,Sunlight,5.74,39960.0,ЦБ ЦЕПИ,6962.0,"Цены ниже! Ещё -15%, код: НОЧЬ до 11:00",https://sunlight.net/catalog/chains_178815.html,6 500 руб. - 7 000 руб.
2024-06-05,Sunlight,7.98,50495.0,ЦБ ЦЕПИ,6328.0,"Цены ниже! Ещё -20%, код: НОЧЬ до 11:00",https://sunlight.net/catalog/chains_178744.html,6 000 руб. - 6 500 руб.
2024-06-05,Sunlight,10.82,87493.0,ЦБ БРАСЛЕТЫ,8086.0,нет скидочного купона,https://sunlight.net/catalog/bracelets_175227.html,8 000 руб. - 9 000 руб.
2024-06-05,Sunlight,11.96,104993.0,ЦБ БРАСЛЕТЫ,8779.0,нет скидочного купона,https://sunlight.net/catalog/bracelets_175123.html,8 000 руб. - 9 000 руб.
2024-06-05,Sunlight,11.13,101493.0,ЦБ БРАСЛЕТЫ,9119.0,нет скидочного купона,https://sunlight.net/catalog/bracelets_175096.html,9 000 руб. - 10 000 руб.
2024-06-05,Sunlight,9.47,90993.0,ЦБ БРАСЛЕТЫ,9609.0,нет скидочного купона,https://sunlight.net/catalog/bracelets_174186.html,9 000 руб. - 10 000 руб.
2024-06-05,Sunlight,5.23,55993.0,ЦБ БРАСЛЕТЫ,10706.0,нет скидочного купона,https://sunlight.net/catalog/bracelets_174174.html,свыше 10 000 руб.
2024-06-05,Sunlight,2.88,17578.0,ЦБ БРАСЛЕТЫ,6103.0,"Цены ниже! Ещё -20%, код: НОЧЬ до 11:00",https://sunlight.net/catalog/bracelets_173962.html,6 000 руб. - 6 500 руб.
2024-06-05,Sunlight,2.36,13677.0,ЦБ БРАСЛЕТЫ,5795.0,"Цены ниже! Ещё -10%, код: НОЧЬ до 11:00",https://sunlight.net/catalog/bracelets_170329.html,5 500 руб. - 6 000 руб.
2024-06-05,Sunlight,1.13,7974.0,ЦБ БРАСЛЕТЫ,7057.0,"Цены ниже! Ещё -20%, код: НОЧЬ до 11:00",https://sunlight.net/catalog/bracelets_170326.html,7 000 руб. - 8 000 руб.
2024-06-05,Sunlight,3.45,25840.0,ЦБ ЦЕПИ,7490.0,ХИТ-цена,https://sunlight.net/catalog/chains_35528.html,7 000 руб. - 8 000 руб.
2024-06-05,Sunlight,35.58,195334.0,ЦБ ЦЕПИ,5490.0,ХИТ-цена,https://sunlight.net/catalog/chains_153142.html,до 5 500 руб.
2024-06-05,Sunlight,16.09,93161.0,ЦБ ЦЕПИ,5790.0,ХИТ-цена,https://sunlight.net/catalog/chains_111067.html,5 500 руб. - 6 000 руб.
2024-06-05,Sunlight,27.16,149108.0,ЦБ ЦЕПИ,5490.0,ХИТ-цена,https://sunlight.net/catalog/chains_111047.html,до 5 500 руб.
2024-06-05,Sunlight,11.8,64782.0,ЦБ БРАСЛЕТЫ,5490.0,ХИТ-цена,https://sunlight.net/catalog/bracelets_110993.html,до 5 500 руб.
2024-06-05,Sunlight,1.34,9877.0,ЦБ БРАСЛЕТЫ,7371.0,"Цены ниже! Ещё -15%, код: НОЧЬ до 11:00",https://sunlight.net/catalog/bracelets_96933.html,7 000 руб. - 8 000 руб.
2024-06-05,Sunlight,3.31,22058.0,ЦБ БРАСЛЕТЫ,6664.0,"Цены ниже! Ещё -20%, код: НОЧЬ до 11:00",https://sunlight.net/catalog/bracelets_92611.html,6 500 руб. - 7 000 руб.
2024-06-05,Sunlight,4.68,35053.0,ЦБ БРАСЛЕТЫ,7490.0,ХИТ-цена,https://sunlight.net/catalog/bracelets_84497.html,7 000 руб. - 8 000 руб.
2024-06-05,Sunlight,4.43,26536.0,ЦБ ЦЕПИ,5990.0,ХИТ-цена,https://sunlight.net/catalog/chains_79472.html,5 500 руб. - 6 000 руб.
2024-06-05,Sunlight,20.37,111831.0,ЦБ ЦЕПИ,5490.0,ХИТ-цена,https://sunlight.net/catalog/chains_61768.html,до 5 500 руб.
2024-06-05,Sunlight,12.47,54032.0,ЦБ ЦЕПИ,4333.0,нет скидочного купона,https://sunlight.net/catalog/chains_51907.html,до 5 500 руб.
2024-06-05,Sunlight,13.97,60532.0,ЦБ ЦЕПИ,4333.0,нет скидочного купона,https://sunlight.net/catalog/chains_41004.html,до 5 500 руб.
2024-06-05,Sunlight,1.24,7729.0,БК СЕРЬГИ,6233.0,"Цены ниже! Ещё -15%, код: НОЧЬ до 11:00",https://sunlight.net/catalog/earring_243992.html,6 000 руб. - 6 500 руб.
2024-06-05,Sunlight,3.87,23304.0,БК СЕРЬГИ,6022.0,"Цены ниже! Ещё -10%, код: НОЧЬ до 11:00",https://sunlight.net/catalog/earring_339696.html,6 000 руб. - 6 500 руб.
2024-06-05,Sunlight,3.17,22604.0,БК СЕРЬГИ,7131.0,"Цены ниже! Ещё -15%, код: НОЧЬ до 11:00",https://sunlight.net/catalog/earring_992422.html,7 000 руб. - 8 000 руб.
2024-06-05,Sunlight,3.11,26252.0,БК КОЛЬЦА,8441.0,"Цены ниже! Ещё -10%, код: НОЧЬ до 11:00",https://sunlight.net/catalog/ring_992223.html,8 000 руб. - 9 000 руб.
2024-06-05,Sunlight,2.37,15114.0,БК СЕРЬГИ,6377.0,"Цены ниже! Ещё -10%, код: НОЧЬ до 11:00",https://sunlight.net/catalog/earring_113810.html,6 000 руб. - 6 500 руб.
2024-06-05,Sunlight,1.18,9192.0,ЦБ ЦЕПИ,7790.0,ХИТ-цена,https://sunlight.net/catalog/chains_285836.html,7 000 руб. - 8 000 руб.
2024-06-05,Sunlight,3.0,20970.0,ЦБ ЦЕПИ,6990.0,ХИТ-цена,https://sunlight.net/catalog/chains_89764.html,6 500 руб. - 7 000 руб.
2024-06-05,Sunlight,0.93,6924.0,БК СЕРЬГИ,7445.0,"Цены ниже! Ещё -10%, код: НОЧЬ до 11:00",https://sunlight.net/catalog/earring_349157.html,7 000 руб. - 8 000 руб.
2024-06-05,Sunlight,1.06,8324.0,БК СЕРЬГИ,7853.0,"Цены ниже! Ещё -15%, код: НОЧЬ до 11:00",https://sunlight.net/catalog/earring_278045.html,7 000 руб. - 8 000 руб.
2024-06-05,Sunlight,2.84,17634.0,БК СЕРЬГИ,6209.0,"Цены ниже! Ещё -10%, код: НОЧЬ до 11:00",https://sunlight.net/catalog/earring_244008.html,6 000 руб. - 6 500 руб.
2024-06-05,Sunlight,0.41,2969.0,БК ПОДВЕС КУЛЬТ,7241.0,"Цены ниже! Ещё -15%, код: НОЧЬ до 11:00",https://sunlight.net/catalog/pendants_986602.html,7 000 руб. - 8 000 руб.
2024-06-05,Sunlight,5.33,37257.0,ЦБ БРАСЛЕТЫ,6990.0,ХИТ-цена,https://sunlight.net/catalog/bracelets_89647.html,6 500 руб. - 7 000 руб.
2024-06-05,Sunlight,3.03,19524.0,БК СЕРЬГИ,6444.0,"Цены ниже! Ещё -10%, код: НОЧЬ до 11:00",https://sunlight.net/catalog/earring_244055.html,6 000 руб. - 6 500 руб.
2024-06-05,Sunlight,1.71,13679.0,БК СЕРЬГИ,7999.0,"Цены ниже! Ещё -15%, код: НОЧЬ до 11:00",https://sunlight.net/catalog/earring_983708.html,7 000 руб. - 8 000 руб.
2024-06-05,Sunlight,1.6,10074.0,БК СЕРЬГИ,6296.0,"Цены ниже! Ещё -10%, код: НОЧЬ до 11:00",https://sunlight.net/catalog/earring_341059.html,6 000 руб. - 6 500 руб.
2024-06-05,Sunlight,1.75,10634.0,БК СЕРЬГИ,6077.0,"Цены ниже! Ещё -20%, код: НОЧЬ до 11:00",https://sunlight.net/catalog/earring_244067.html,6 000 руб. - 6 500 руб.
2024-06-05,Sunlight,0.12,1058.0,БК СЕРЬГИ,8817.0,"Цены ниже! Ещё -20%, код: НОЧЬ до 11:00",https://sunlight.net/catalog/piercing_91021.html,8 000 руб. - 9 000 руб.
2024-06-05,Sunlight,0.22,1674.0,БК ПОДВЕС ДЕКОР,7609.0,"Цены ниже! Ещё -20%, код: НОЧЬ до 11:00",https://sunlight.net/catalog/pendants_333337.html,7 000 руб. - 8 000 руб.
2024-06-05,Sunlight,2.78,17004.0,БК СЕРЬГИ,6117.0,"Цены ниже! Ещё -10%, код: НОЧЬ до 11:00",https://sunlight.net/catalog/earring_244012.html,6 000 руб. - 6 500 руб.
2024-06-05,Sunlight,1.45,8954.0,БК СЕРЬГИ,6175.0,"Цены ниже! Ещё -20%, код: НОЧЬ до 11:00",https://sunlight.net/catalog/earring_244003.html,6 000 руб. - 6 500 руб.
2024-06-05,Sunlight,3.1,18569.0,ЦБ ЦЕПИ,5990.0,ХИТ-цена,https://sunlight.net/catalog/chains_40211.html,5 500 руб. - 6 000 руб.
2024-06-05,Sunlight,1.01,7729.0,БК ПОДВЕС КУЛЬТ,7652.0,"Цены ниже! Ещё -15%, код: НОЧЬ до 11:00",https://sunlight.net/catalog/pendants_92501.html,7 000 руб. - 8 000 руб.
2024-06-05,Sunlight,1.98,11964.0,БК СЕРЬГИ,6042.0,"Цены ниже! Ещё -10%, код: НОЧЬ до 11:00",https://sunlight.net/catalog/earring_244074.html,6 000 руб. - 6 500 руб.
2024-06-05,Sunlight,0.17,1394.0,БК ПОДВЕС ДЕКОР,8200.0,"Цены ниже! Ещё -20%, код: НОЧЬ до 11:00",https://sunlight.net/catalog/pendants_268555.html,8 000 руб. - 9 000 руб.
2024-06-05,Sunlight,0.63,3914.0,БК СЕРЬГИ,6213.0,"Цены ниже! Ещё -20%, код: НОЧЬ до 11:00",https://sunlight.net/catalog/earring_320706.html,6 000 руб. - 6 500 руб.
2024-06-05,Sunlight,4.82,37794.0,БК СЕРЬГИ,7841.0,"Цены ниже! Ещё -10%, код: НОЧЬ до 11:00",https://sunlight.net/catalog/earring_318782.html,7 000 руб. - 8 000 руб.
2024-06-05,Sunlight,0.97,6837.0,БК ПОДВЕС ДЕКОР,7048.0,"Цены ниже! Ещё -15%, код: НОЧЬ до 11:00",https://sunlight.net/catalog/pendants_989080.html,7 000 руб. - 8 000 руб.
2024-06-05,Sunlight,1.41,11299.0,БК ПОДВЕС КУЛЬТ,8013.0,"Цены ниже! Ещё -15%, код: НОЧЬ до 11:00",https://sunlight.net/catalog/pendants_304333.html,8 000 руб. - 9 000 руб.
2024-06-05,Sunlight,19.66,179990.0,ЦБ БРАСЛЕТЫ,9155.0,ХИТ-цена,https://sunlight.net/catalog/bracelets_91913.html,9 000 руб. - 10 000 руб.
2024-06-05,Sunlight,1.44,10162.0,БК КОЛЬЦА,7057.0,"Цены ниже! Ещё -10%, код: НОЧЬ до 11:00",https://sunlight.net/catalog/ring_335387.html,7 000 руб. - 8 000 руб.
2024-06-05,Sunlight,0.79,6242.0,БК ПОДВЕС ДЕКОР,7901.0,"Цены ниже! Ещё -15%, код: НОЧЬ до 11:00",https://sunlight.net/catalog/pendants_329435.html,7 000 руб. - 8 000 руб.
2024-06-05,Sunlight,2.97,18150.0,БК КОЛЬЦА,6111.0,"Цены ниже! Ещё -10%, код: НОЧЬ до 11:00",https://sunlight.net/catalog/ring_344400.html,6 000 руб. - 6 500 руб.
2024-06-05,Sunlight,4.73,40454.0,БК СЕРЬГИ,8553.0,"Цены ниже! Ещё -15%, код: НОЧЬ до 11:00",https://sunlight.net/catalog/earring_995639.html,8 000 руб. - 9 000 руб.
2024-06-05,Sunlight,1.17,7729.0,БК СЕРЬГИ,6606.0,"Цены ниже! Ещё -15%, код: НОЧЬ до 11:00",https://sunlight.net/catalog/earring_243981.html,6 500 руб. - 7 000 руб.
2024-06-05,Sunlight,4.1,30934.0,БК СЕРЬГИ,7545.0,"Цены ниже! Ещё -15%, код: НОЧЬ до 11:00",https://sunlight.net/catalog/earring_97885.html,7 000 руб. - 8 000 руб.
2024-06-05,Sunlight,0.63,4754.0,БК СЕРЬГИ,7546.0,"Цены ниже! Ещё -20%, код: НОЧЬ до 11:00",https://sunlight.net/catalog/earring_290543.html,7 000 руб. - 8 000 руб.
2024-06-05,Sunlight,3.35,23416.0,ЦБ ЦЕПИ,6990.0,ХИТ-цена,https://sunlight.net/catalog/chains_51864.html,6 500 руб. - 7 000 руб.
2024-06-05,Sunlight,1.2,9211.0,БК КОЛЬЦА,7676.0,"Цены ниже! Ещё -15%, код: НОЧЬ до 11:00",https://sunlight.net/catalog/ring_324309.html,7 000 руб. - 8 000 руб.
2024-06-05,Sunlight,3.58,27959.0,БК СЕРЬГИ,7810.0,"Цены ниже! Ещё -15%, код: НОЧЬ до 11:00",https://sunlight.net/catalog/earring_989079.html,7 000 руб. - 8 000 руб.
2024-06-05,Sunlight,0.88,6591.0,ЦБ ЦЕПИ,7490.0,ХИТ-цена,https://sunlight.net/catalog/chains_264283.html,7 000 руб. - 8 000 руб.
2024-06-05,Sunlight,1.67,11299.0,БК СЕРЬГИ,6766.0,"Цены ниже! Ещё -15%, код: НОЧЬ до 11:00",https://sunlight.net/catalog/earring_304140.html,6 500 руб. - 7 000 руб.
2024-06-05,Sunlight,1.43,7997.0,БК КОЛЬЦА,5592.0,"Цены ниже! Ещё -15%, код: НОЧЬ до 11:00",https://sunlight.net/catalog/ring_348582.html,5 500 руб. - 6 000 руб.
2024-06-05,Sunlight,2.33,14484.0,БК СЕРЬГИ,6216.0,"Цены ниже! Ещё -10%, код: НОЧЬ до 11:00",https://sunlight.net/catalog/earring_336265.html,6 000 руб. - 6 500 руб.
2024-06-05,Sunlight,3.52,23304.0,БК СЕРЬГИ,6620.0,"Цены ниже! Ещё -10%, код: НОЧЬ до 11:00",https://sunlight.net/catalog/earring_303470.html,6 500 руб. - 7 000 руб.
2024-06-05,Sunlight,1.81,10704.0,БК СЕРЬГИ,5914.0,"Цены ниже! Ещё -10%, код: НОЧЬ до 11:00",https://sunlight.net/catalog/earring_993768.html,5 500 руб. - 6 000 руб.
2024-06-05,Sunlight,1.98,11964.0,БК СЕРЬГИ,6042.0,"Цены ниже! Ещё -10%, код: НОЧЬ до 11:00",https://sunlight.net/catalog/earring_292052.html,6 000 руб. - 6 500 руб.
2024-06-05,Sunlight,5.74,37568.0,ЦБ БРАСЛЕТЫ,6545.0,"Цены ниже! Ещё -15%, код: НОЧЬ до 11:00",https://sunlight.net/catalog/bracelets_79198.html,6 500 руб. - 7 000 руб.
2024-06-05,Sunlight,0.85,6837.0,БК ПОДВЕС ДЕКОР,8044.0,"Цены ниже! Ещё -15%, код: НОЧЬ до 11:00",https://sunlight.net/catalog/pendants_341077.html,8 000 руб. - 9 000 руб.
2024-06-05,Sunlight,5.34,30919.0,ЦБ ЦЕПИ,5790.0,ХИТ-цена,https://sunlight.net/catalog/chains_96567.html,5 500 руб. - 6 000 руб.
2024-06-05,Sunlight,2.12,13084.0,БК СЕРЬГИ,6172.0,"Цены ниже! Ещё -15%, код: НОЧЬ до 11:00",https://sunlight.net/catalog/earring_244011.html,6 000 руб. - 6 500 руб.
2024-06-05,Sunlight,4.68,32713.0,ЦБ ЦЕПИ,6990.0,ХИТ-цена,https://sunlight.net/catalog/chains_81632.html,6 500 руб. - 7 000 руб.
2024-06-05,Sunlight,0.46,3564.0,БК СЕРЬГИ,7748.0,"Цены ниже! Ещё -15%, код: НОЧЬ до 11:00",https://sunlight.net/catalog/earring_97968.html,7 000 руб. - 8 000 руб.
2024-06-05,Sunlight,19.88,115105.0,ЦБ БРАСЛЕТЫ,5790.0,ХИТ-цена,https://sunlight.net/catalog/bracelets_152003.html,5 500 руб. - 6 000 руб.
2024-06-05,Sunlight,2.31,15946.0,БК КОЛЬЦА ОБРУЧ,6903.0,"Цены ниже! Ещё -15%, код: НОЧЬ до 11:00",https://sunlight.net/catalog/ring_984570.html,6 500 руб. - 7 000 руб.
2024-06-05,Sunlight,3.51,27084.0,БК СЕРЬГИ,7716.0,"Цены ниже! Ещё -10%, код: НОЧЬ до 11:00",https://sunlight.net/catalog/earring_989026.html,7 000 руб. - 8 000 руб.
2024-06-05,Sunlight,2.54,18517.0,ЦБ ЦЕПИ,7290.0,ХИТ-цена,https://sunlight.net/catalog/chains_51636.html,7 000 руб. - 8 000 руб.
2024-06-05,Sunlight,1.4,10486.0,ЦБ БРАСЛЕТЫ,7490.0,ХИТ-цена,https://sunlight.net/catalog/bracelets_53023.html,7 000 руб. - 8 000 руб.
2024-06-05,Sunlight,3.53,26440.0,ЦБ БРАСЛЕТЫ,7490.0,ХИТ-цена,https://sunlight.net/catalog/bracelets_81275.html,7 000 руб. - 8 000 руб.
2024-06-05,Sunlight,1.49,14484.0,БК ПОДВЕС ДЕКОР,9721.0,"Цены ниже! Ещё -10%, код: НОЧЬ до 11:00",https://sunlight.net/catalog/pendants_995636.html,9 000 руб. - 10 000 руб.
2024-06-05,Sunlight,5.67,38122.0,ЦБ БРАСЛЕТЫ,6723.0,"Цены ниже! Ещё -15%, код: НОЧЬ до 11:00",https://sunlight.net/catalog/bracelets_306163.html,6 500 руб. - 7 000 руб.
2024-06-05,Sunlight,2.57,14220.0,БК КОЛЬЦА,5533.0,"Цены ниже! Ещё -15%, код: НОЧЬ до 11:00",https://sunlight.net/catalog/ring_348594.html,5 500 руб. - 6 000 руб.
2024-06-05,Sunlight,0.46,2969.0,БК СЕРЬГИ,6454.0,"Цены ниже! Ещё -15%, код: НОЧЬ до 11:00",https://sunlight.net/catalog/earring_349260.html,6 000 руб. - 6 500 руб.
2024-06-05,Sunlight,0.87,5664.0,БК СЕРЬГИ,6510.0,"Цены ниже! Ещё -10%, код: НОЧЬ до 11:00",https://sunlight.net/catalog/earring_341829.html,6 500 руб. - 7 000 руб.
2024-06-05,Sunlight,2.26,17249.0,БК ПОДВЕС КУЛЬТ,7632.0,"Цены ниже! Ещё -15%, код: НОЧЬ до 11:00",https://sunlight.net/catalog/pendants_279960.html,7 000 руб. - 8 000 руб.
2024-06-05,Sunlight,1.7,9913.0,БК КОЛЬЦА,5831.0,"Цены ниже! Ещё -15%, код: НОЧЬ до 11:00",https://sunlight.net/catalog/ring_335086.html,5 500 руб. - 6 000 руб.
2024-06-05,Sunlight,3.87,27051.0,ЦБ ЦЕПИ,6990.0,ХИТ-цена,https://sunlight.net/catalog/chains_34878.html,6 500 руб. - 7 000 руб.
2024-06-05,Sunlight,4.36,30476.0,ЦБ ЦЕПИ,6990.0,ХИТ-цена,https://sunlight.net/catalog/chains_61128.html,6 500 руб. - 7 000 руб.
2024-06-05,Sunlight,1.86,11733.0,БК КОЛЬЦА ОБРУЧ,6308.0,"Цены ниже! Ещё -15%, код: НОЧЬ до 11:00",https://sunlight.net/catalog/ring_73778.html,6 000 руб. - 6 500 руб.
2024-06-05,Sunlight,1.67,12120.0,БК КОЛЬЦА,7257.0,"Цены ниже! Ещё -15%, код: НОЧЬ до 11:00",https://sunlight.net/catalog/ring_348585.html,7 000 руб. - 8 000 руб.
2024-06-05,Sunlight,2.26,13679.0,БК СЕРЬГИ,6053.0,"Цены ниже! Ещё -15%, код: НОЧЬ до 11:00",https://sunlight.net/catalog/earring_243973.html,6 000 руб. - 6 500 руб.
2024-06-05,Sunlight,0.14,1226.0,БК ПОДВЕС ДЕКОР,8757.0,"Цены ниже! Ещё -20%, код: НОЧЬ до 11:00",https://sunlight.net/catalog/pendants_268553.html,8 000 руб. - 9 000 руб.
2024-06-05,Sunlight,0.33,2672.0,БК ПОДВЕС ДЕКОР,8097.0,"Цены снижены! Ещё -15%, код: СЕГОДНЯ",https://sunlight.net/catalog/pendants_267650.html,8 000 руб. - 9 000 руб.
2024-06-05,Sunlight,1.37,10109.0,БК ПОДВЕС ДЕКОР,7379.0,"Цены ниже! Ещё -15%, код: НОЧЬ до 11:00",https://sunlight.net/catalog/pendants_271514.html,7 000 руб. - 8 000 руб.
2024-06-05,Sunlight,2.51,15114.0,БК СЕРЬГИ,6022.0,"Цены ниже! Ещё -10%, код: НОЧЬ до 11:00",https://sunlight.net/catalog/earring_244061.html,6 000 руб. - 6 500 руб.
2024-06-05,Sunlight,1.37,8954.0,БК СЕРЬГИ,6536.0,"Цены ниже! Ещё -20%, код: НОЧЬ до 11:00",https://sunlight.net/catalog/earring_304127.html,6 500 руб. - 7 000 руб.
2024-06-05,Sunlight,1.67,10704.0,БК СЕРЬГИ,6410.0,"Цены ниже! Ещё -15%, код: НОЧЬ до 11:00",https://sunlight.net/catalog/earring_339687.html,6 000 руб. - 6 500 руб.
2024-06-05,Sunlight,1.91,15464.0,БК СЕРЬГИ,8096.0,"Цены ниже! Ещё -15%, код: НОЧЬ до 11:00",https://sunlight.net/catalog/earring_327991.html,8 000 руб. - 9 000 руб.
2024-06-05,Sunlight,0.56,3267.0,БК СЕРЬГИ,5834.0,"Цены ниже! Ещё -15%, код: НОЧЬ до 11:00",https://sunlight.net/catalog/earring_301728.html,5 500 руб. - 6 000 руб.
2024-06-05,Sunlight,1.54,10634.0,БК ПОДВЕС ДЕКОР,6905.0,"Цены ниже! Ещё -20%, код: НОЧЬ до 11:00",https://sunlight.net/catalog/pendants_992475.html,6 500 руб. - 7 000 руб.
2024-06-05,Sunlight,0.74,6154.0,БК СЕРЬГИ,8316.0,"Цены ниже! Ещё -20%, код: НОЧЬ до 11:00",https://sunlight.net/catalog/earring_343668.html,8 000 руб. - 9 000 руб.
2024-06-05,Sunlight,2.19,13224.0,БК СЕРЬГИ,6038.0,"Цены ниже! Ещё -10%, код: НОЧЬ до 11:00",https://sunlight.net/catalog/earring_988231.html,6 000 руб. - 6 500 руб.
2024-06-05,Sunlight,1.78,13332.0,ЦБ ЦЕПИ,7490.0,ХИТ-цена,https://sunlight.net/catalog/chains_82725.html,7 000 руб. - 8 000 руб.
2024-06-05,Sunlight,0.74,6434.0,БК СЕРЬГИ,8695.0,"Цены ниже! Ещё -20%, код: НОЧЬ до 11:00",https://sunlight.net/catalog/earring_276047.html,8 000 руб. - 9 000 руб.
2024-06-05,Sunlight,0.62,4754.0,БК ПОДВЕС ДЕКОР,7668.0,"Цены ниже! Ещё -15%, код: НОЧЬ до 11:00",https://sunlight.net/catalog/pendants_271472.html,7 000 руб. - 8 000 руб.
2024-06-05,Sunlight,2.83,21414.0,БК СЕРЬГИ,7567.0,"Цены ниже! Ещё -10%, код: НОЧЬ до 11:00",https://sunlight.net/catalog/earring_105171.html,7 000 руб. - 8 000 руб.
2024-06-05,Sunlight,1.08,6609.0,БК ПОДВЕС КУЛЬТ,6119.0,"Цены ниже! Ещё -10%, код: НОЧЬ до 11:00",https://sunlight.net/catalog/pendants_344162.html,6 000 руб. - 6 500 руб.
2024-06-05,Sunlight,2.51,16793.0,БК СЕРЬГИ,6690.0,нет скидочного купона,https://sunlight.net/catalog/earring_345025.html,6 500 руб. - 7 000 руб.
2024-06-05,Sunlight,2.71,19756.0,ЦБ ЦЕПИ,7290.0,ХИТ-цена,https://sunlight.net/catalog/chains_259932.html,7 000 руб. - 8 000 руб.
2024-06-05,Sunlight,7.04,45690.0,ЦБ ЦЕПИ,6490.0,ХИТ-цена,https://sunlight.net/catalog/chains_55289.html,6 000 руб. - 6 500 руб.
2024-06-05,Sunlight,2.98,20462.0,БК КОЛЬЦА ОБРУЧ,6866.0,"Цены ниже! Ещё -10%, код: НОЧЬ до 11:00",https://sunlight.net/catalog/ring_44782.html,6 500 руб. - 7 000 руб.
2024-06-05,Sunlight,1.02,6242.0,БК СЕРЬГИ,6120.0,"Цены ниже! Ещё -15%, код: НОЧЬ до 11:00",https://sunlight.net/catalog/earring_308209.html,6 000 руб. - 6 500 руб.
2024-06-05,Sunlight,4.05,28310.0,ЦБ ЦЕПИ,6990.0,ХИТ-цена,https://sunlight.net/catalog/chains_35423.html,6 500 руб. - 7 000 руб.
2024-06-05,Sunlight,2.61,18244.0,ЦБ ЦЕПИ,6990.0,ХИТ-цена,https://sunlight.net/catalog/chains_144068.html,6 500 руб. - 7 000 руб.
2024-06-05,Sunlight,0.73,5594.0,БК СЕРЬГИ,7663.0,"Цены ниже! Ещё -20%, код: НОЧЬ до 11:00",https://sunlight.net/catalog/earring_290551.html,7 000 руб. - 8 000 руб.
2024-06-05,Sunlight,3.76,27410.0,ЦБ ЦЕПИ,7290.0,ХИТ-цена,https://sunlight.net/catalog/chains_69073.html,7 000 руб. - 8 000 руб.
2024-06-05,Sunlight,0.5,3862.0,БК ПОДВЕС ДЕКОР,7724.0,"Цены ниже! Ещё -15%, код: НОЧЬ до 11:00",https://sunlight.net/catalog/pendants_992876.html,7 000 руб. - 8 000 руб.
2024-06-05,Sunlight,1.57,11299.0,БК ПОДВЕС ДЕКОР,7197.0,"Цены ниже! Ещё -15%, код: НОЧЬ до 11:00",https://sunlight.net/catalog/pendants_993838.html,7 000 руб. - 8 000 руб.
2024-06-05,Sunlight,0.84,5314.0,БК СЕРЬГИ,6326.0,"Цены ниже! Ещё -20%, код: НОЧЬ до 11:00",https://sunlight.net/catalog/earring_349838.html,6 000 руб. - 6 500 руб.
2024-06-05,Sunlight,2.08,13982.0,БК КОЛЬЦА ОБРУЧ,6722.0,"Цены ниже! Ещё -15%, код: НОЧЬ до 11:00",https://sunlight.net/catalog/ring_331378.html,6 500 руб. - 7 000 руб.
2024-06-05,Sunlight,0.46,3862.0,БК ПОДВЕС ДЕКОР,8396.0,"Цены ниже! Ещё -15%, код: НОЧЬ до 11:00",https://sunlight.net/catalog/pendants_984639.html,8 000 руб. - 9 000 руб.
2024-06-05,Sunlight,2.34,14484.0,БК СЕРЬГИ,6190.0,"Цены ниже! Ещё -10%, код: НОЧЬ до 11:00",https://sunlight.net/catalog/earring_242305.html,6 000 руб. - 6 500 руб.
2024-06-05,Sunlight,3.13,23444.0,ЦБ ЦЕПИ,7490.0,ХИТ-цена,https://sunlight.net/catalog/chains_103874.html,7 000 руб. - 8 000 руб.
2024-06-05,Sunlight,0.87,5979.0,БК ПОДВЕС КУЛЬТ,6872.0,"Цены ниже! Ещё -10%, код: НОЧЬ до 11:00",https://sunlight.net/catalog/pendants_309593.html,6 500 руб. - 7 000 руб.
2024-06-05,Sunlight,0.99,6920.0,ЦБ БРАСЛЕТЫ,6990.0,ХИТ-цена,https://sunlight.net/catalog/bracelets_53028.html,6 500 руб. - 7 000 руб.
2024-06-05,Sunlight,1.05,7470.0,БК КОЛЬЦА,7114.0,"Цены ниже! Ещё -20%, код: НОЧЬ до 11:00",https://sunlight.net/catalog/ring_988502.html,7 000 руб. - 8 000 руб.
2024-06-05,Sunlight,2.28,12614.0,БК КОЛЬЦА,5532.0,"Цены ниже! Ещё -15%, код: НОЧЬ до 11:00",https://sunlight.net/catalog/ring_336271.html,5 500 руб. - 6 000 руб.
2024-06-05,Sunlight,0.73,4719.0,БК ПОДВЕС ДЕКОР,6464.0,"Цены ниже! Ещё -10%, код: НОЧЬ до 11:00",https://sunlight.net/catalog/pendants_89044.html,6 000 руб. - 6 500 руб.
2024-06-05,Sunlight,2.74,19639.0,БК КОЛЬЦА,7168.0,"Цены ниже! Ещё -20%, код: НОЧЬ до 11:00",https://sunlight.net/catalog/ring_103785.html,7 000 руб. - 8 000 руб.
2024-06-05,Sunlight,2.02,13084.0,БК СЕРЬГИ,6477.0,"Цены ниже! Ещё -15%, код: НОЧЬ до 11:00",https://sunlight.net/catalog/earring_83097.html,6 000 руб. - 6 500 руб.
2024-06-05,Sunlight,0.94,5979.0,БК ПОДВЕС КУЛЬТ,6361.0,"Цены ниже! Ещё -10%, код: НОЧЬ до 11:00",https://sunlight.net/catalog/pendants_986603.html,6 000 руб. - 6 500 руб.
2024-06-05,Sunlight,12.91,81204.0,ЦБ БРАСЛЕТЫ,6290.0,ХИТ-цена,https://sunlight.net/catalog/bracelets_117515.html,6 000 руб. - 6 500 руб.
2024-06-05,Sunlight,5.85,32368.0,ЦБ БРАСЛЕТЫ,5533.0,"Цены ниже! Ещё -15%, код: НОЧЬ до 11:00",https://sunlight.net/catalog/bracelets_329481.html,5 500 руб. - 6 000 руб.
2024-06-05,Sunlight,1.04,7485.0,БК КОЛЬЦА,7197.0,"Цены ниже! Ещё -15%, код: НОЧЬ до 11:00",https://sunlight.net/catalog/ring_271571.html,7 000 руб. - 8 000 руб.
2024-06-05,Sunlight,0.67,5034.0,БК ПОДВЕС КУЛЬТ,7513.0,"Цены ниже! Ещё -20%, код: НОЧЬ до 11:00",https://sunlight.net/catalog/pendants_310579.html,7 000 руб. - 8 000 руб.
2024-06-05,Sunlight,1.63,10109.0,БК СЕРЬГИ,6202.0,"Цены ниже! Ещё -15%, код: НОЧЬ до 11:00",https://sunlight.net/catalog/earring_304129.html,6 000 руб. - 6 500 руб.
2024-06-05,Sunlight,2.0,12852.0,БК КОЛЬЦА ОБРУЧ,6426.0,"Цены ниже! Ещё -15%, код: НОЧЬ до 11:00",https://sunlight.net/catalog/ring_130377.html,6 000 руб. - 6 500 руб.
2024-06-05,Sunlight,89.34,490477.0,ЦБ ЦЕПИ,5490.0,ХИТ-цена,https://sunlight.net/catalog/chains_153098.html,до 5 500 руб.
2024-06-05,Sunlight,2.58,16374.0,БК СЕРЬГИ,6347.0,"Цены ниже! Ещё -10%, код: НОЧЬ до 11:00",https://sunlight.net/catalog/earring_243997.html,6 000 руб. - 6 500 руб.
2024-06-05,Sunlight,3.21,23663.0,БК КОЛЬЦА,7372.0,"Цены ниже! Ещё -10%, код: НОЧЬ до 11:00",https://sunlight.net/catalog/ring_345326.html,7 000 руб. - 8 000 руб.
2024-06-05,Sunlight,0.5,3354.0,БК СЕРЬГИ,6708.0,"Цены ниже! Ещё -20%, код: НОЧЬ до 11:00",https://sunlight.net/catalog/earring_342376.html,6 500 руб. - 7 000 руб.
2024-06-05,Sunlight,3.86,26981.0,ЦБ ЦЕПИ,6990.0,ХИТ-цена,https://sunlight.net/catalog/chains_63661.html,6 500 руб. - 7 000 руб.
2024-06-05,Sunlight,4.01,29114.0,БК ПОДВЕС ДЕКОР,7260.0,"Цены ниже! Ещё -20%, код: НОЧЬ до 11:00",https://sunlight.net/catalog/pendants_986593.html,7 000 руб. - 8 000 руб.
2024-06-05,Sunlight,3.34,21042.0,БК КОЛЬЦА,6300.0,"Цены ниже! Ещё -10%, код: НОЧЬ до 11:00",https://sunlight.net/catalog/ring_341069.html,6 000 руб. - 6 500 руб.
2024-06-05,Sunlight,1.93,13994.0,БК ПОДВЕС КУЛЬТ,7251.0,"Цены ниже! Ещё -20%, код: НОЧЬ до 11:00",https://sunlight.net/catalog/pendants_277650.html,7 000 руб. - 8 000 руб.
2024-06-05,Sunlight,1.77,11299.0,БК СЕРЬГИ,6384.0,"Цены ниже! Ещё -15%, код: НОЧЬ до 11:00",https://sunlight.net/catalog/earring_244046.html,6 000 руб. - 6 500 руб.
2024-06-05,Sunlight,1.47,8574.0,ЦБ БРАСЛЕТЫ,5833.0,"Цены ниже! Ещё -15%, код: НОЧЬ до 11:00",https://sunlight.net/catalog/bracelets_155419.html,5 500 руб. - 6 000 руб.
2024-06-05,Sunlight,0.14,946.0,БК СЕРЬГИ,6757.0,"Цены ниже! Ещё -20%, код: НОЧЬ до 11:00",https://sunlight.net/catalog/piercing_339904.html,6 500 руб. - 7 000 руб.
2024-06-05,Sunlight,0.17,1065.0,БК ПОДВЕС ДЕКОР,6265.0,"Цены снижены! Ещё -15%, код: СЕГОДНЯ",https://sunlight.net/catalog/pendants_268496.html,6 000 руб. - 6 500 руб.
2024-06-05,Sunlight,1.74,13434.0,БК СЕРЬГИ,7721.0,"Цены ниже! Ещё -20%, код: НОЧЬ до 11:00",https://sunlight.net/catalog/earring_349853.html,7 000 руб. - 8 000 руб.
2024-06-05,Sunlight,1.51,9514.0,БК СЕРЬГИ,6301.0,"Цены ниже! Ещё -20%, код: НОЧЬ до 11:00",https://sunlight.net/catalog/earring_292050.html,6 000 руб. - 6 500 руб.
2024-06-05,Sunlight,3.69,28554.0,БК ПОДВЕС КУЛЬТ,7738.0,"Цены ниже! Ещё -20%, код: НОЧЬ до 11:00",https://sunlight.net/catalog/pendants_279549.html,7 000 руб. - 8 000 руб.
2024-06-05,Sunlight,1.29,10109.0,БК СЕРЬГИ,7836.0,"Цены ниже! Ещё -15%, код: НОЧЬ до 11:00",https://sunlight.net/catalog/earring_93188.html,7 000 руб. - 8 000 руб.
2024-06-05,Sunlight,1.12,7931.0,БК КОЛЬЦА,7081.0,"Цены ниже! Ещё -15%, код: НОЧЬ до 11:00",https://sunlight.net/catalog/ring_341507.html,7 000 руб. - 8 000 руб.
2024-06-05,Sunlight,1.67,9469.0,БК КОЛЬЦА,5670.0,"Цены ниже! Ещё -10%, код: НОЧЬ до 11:00",https://sunlight.net/catalog/ring_315351.html,5 500 руб. - 6 000 руб.
2024-06-05,Sunlight,1.5,11235.0,ЦБ ЦЕПИ,7490.0,ХИТ-цена,https://sunlight.net/catalog/chains_41616.html,7 000 руб. - 8 000 руб.
2024-06-05,Sunlight,1.05,7432.0,БК ПОДВЕС КУЛЬТ,7078.0,"Цены ниже! Ещё -15%, код: НОЧЬ до 11:00",https://sunlight.net/catalog/pendants_986604.html,7 000 руб. - 8 000 руб.
2024-06-05,Sunlight,3.57,25579.0,БК СЕРЬГИ,7165.0,"Цены ниже! Ещё -15%, код: НОЧЬ до 11:00",https://sunlight.net/catalog/earring_82988.html,7 000 руб. - 8 000 руб.
2024-06-05,Sunlight,1.44,9444.0,БК ПОДВЕС КУЛЬТ,6558.0,"Цены ниже! Ещё -10%, код: НОЧЬ до 11:00",https://sunlight.net/catalog/pendants_986608.html,6 500 руб. - 7 000 руб.
2024-06-05,Sunlight,2.63,25754.0,БК СЕРЬГИ,9792.0,"Цены ниже! Ещё -20%, код: НОЧЬ до 11:00",https://sunlight.net/catalog/earring_87589.html,9 000 руб. - 10 000 руб.
2024-06-05,Sunlight,0.53,4159.0,БК ПОДВЕС ДЕКОР,7847.0,"Цены ниже! Ещё -15%, код: НОЧЬ до 11:00",https://sunlight.net/catalog/pendants_90584.html,7 000 руб. - 8 000 руб.
2024-06-05,Sunlight,1.02,8394.0,БК ПОДВЕС КУЛЬТ,8229.0,"Цены ниже! Ещё -20%, код: НОЧЬ до 11:00",https://sunlight.net/catalog/pendants_346476.html,8 000 руб. - 9 000 руб.
2024-06-05,Sunlight,2.5,16695.0,БК КОЛЬЦА,6678.0,"Цены ниже! Ещё -10%, код: НОЧЬ до 11:00",https://sunlight.net/catalog/ring_995628.html,6 500 руб. - 7 000 руб.
2024-06-05,Sunlight,5.35,40072.0,ЦБ БРАСЛЕТЫ,7490.0,ХИТ-цена,https://sunlight.net/catalog/bracelets_45291.html,7 000 руб. - 8 000 руб.
2024-06-05,Sunlight,5.0,33390.0,БК КОЛЬЦА ОБРУЧ,6678.0,"Цены ниже! Ещё -10%, код: НОЧЬ до 11:00",https://sunlight.net/catalog/ring_329771.html,6 500 руб. - 7 000 руб.
2024-06-05,Sunlight,4.72,27848.0,БК КОЛЬЦА ОБРУЧ,5900.0,ХИТ-цена,https://sunlight.net/catalog/ring_330522.html,5 500 руб. - 6 000 руб.
2024-06-05,Sunlight,3.76,21792.0,ЦБ БРАСЛЕТЫ,5796.0,"Цены ниже! Ещё -10%, код: НОЧЬ до 11:00",https://sunlight.net/catalog/bracelets_343459.html,5 500 руб. - 6 000 руб.
2024-06-05,Sunlight,1.82,13632.0,ЦБ ЦЕПИ,7490.0,ХИТ-цена,https://sunlight.net/catalog/chains_79436.html,7 000 руб. - 8 000 руб.
2024-06-05,Sunlight,1.74,11951.0,БК КОЛЬЦА,6868.0,"Цены ниже! Ещё -10%, код: НОЧЬ до 11:00",https://sunlight.net/catalog/ring_316942.html,6 500 руб. - 7 000 руб.
2024-06-05,Sunlight,0.33,1954.0,БК ПОДВЕС ДЕКОР,5921.0,"Цены ниже! Ещё -20%, код: НОЧЬ до 11:00",https://sunlight.net/catalog/pendants_988222.html,5 500 руб. - 6 000 руб.
2024-06-05,Sunlight,3.23,21773.0,БК КОЛЬЦА ОБРУЧ,6741.0,"Цены ниже! Ещё -10%, код: НОЧЬ до 11:00",https://sunlight.net/catalog/ring_38117.html,6 500 руб. - 7 000 руб.
2024-06-05,Sunlight,0.57,4490.0,БК СЕРЬГИ,7877.0,ХИТ-цена,https://sunlight.net/catalog/earring_290548.html,7 000 руб. - 8 000 руб.
2024-06-05,Sunlight,2.14,12266.0,БК КОЛЬЦА,5732.0,"Цены ниже! Ещё -10%, код: НОЧЬ до 11:00",https://sunlight.net/catalog/ring_992403.html,5 500 руб. - 6 000 руб.
2024-06-05,Sunlight,3.59,26889.0,ЦБ ЦЕПИ,7490.0,ХИТ-цена,https://sunlight.net/catalog/chains_79468.html,7 000 руб. - 8 000 руб.
2024-06-05,Sunlight,2.74,16374.0,БК СЕРЬГИ,5976.0,"Цены ниже! Ещё -10%, код: НОЧЬ до 11:00",https://sunlight.net/catalog/earring_990086.html,5 500 руб. - 6 000 руб.
2024-06-05,Sunlight,6.98,48790.0,ЦБ БРАСЛЕТЫ,6990.0,ХИТ-цена,https://sunlight.net/catalog/bracelets_152612.html,6 500 руб. - 7 000 руб.
2024-06-05,Sunlight,2.13,12874.0,БК СЕРЬГИ,6044.0,"Цены ниже! Ещё -20%, код: НОЧЬ до 11:00",https://sunlight.net/catalog/earring_258317.html,6 000 руб. - 6 500 руб.
2024-06-05,Sunlight,3.37,19108.0,ЦБ БРАСЛЕТЫ,5670.0,"Цены ниже! Ещё -10%, код: НОЧЬ до 11:00",https://sunlight.net/catalog/bracelets_292047.html,5 500 руб. - 6 000 руб.
2024-06-05,Sunlight,2.27,13016.0,БК КОЛЬЦА,5734.0,"Цены ниже! Ещё -10%, код: НОЧЬ до 11:00",https://sunlight.net/catalog/ring_341074.html,5 500 руб. - 6 000 руб.
2024-06-05,Sunlight,2.44,16404.0,БК КОЛЬЦА ОБРУЧ,6723.0,"Цены ниже! Ещё -15%, код: НОЧЬ до 11:00",https://sunlight.net/catalog/ring_325882.html,6 500 руб. - 7 000 руб.
2024-06-05,Sunlight,1.88,13679.0,БК СЕРЬГИ,7276.0,"Цены ниже! Ещё -15%, код: НОЧЬ до 11:00",https://sunlight.net/catalog/earring_242436.html,7 000 руб. - 8 000 руб.
2024-06-05,Sunlight,3.34,22516.0,БК КОЛЬЦА ОБРУЧ,6741.0,"Цены ниже! Ещё -10%, код: НОЧЬ до 11:00",https://sunlight.net/catalog/ring_130384.html,6 500 руб. - 7 000 руб.
2024-06-05,Sunlight,0.52,3267.0,БК ПОДВЕС ДЕКОР,6283.0,"Цены ниже! Ещё -15%, код: НОЧЬ до 11:00",https://sunlight.net/catalog/pendants_90586.html,6 000 руб. - 6 500 руб.
2024-06-05,Sunlight,0.97,8324.0,БК ПОДВЕС ДЕКОР,8581.0,"Цены ниже! Ещё -15%, код: НОЧЬ до 11:00",https://sunlight.net/catalog/pendants_94013.html,8 000 руб. - 9 000 руб.
2024-06-05,Sunlight,1.27,7869.0,БК ПОДВЕС ДЕКОР,6196.0,"Цены ниже! Ещё -10%, код: НОЧЬ до 11:00",https://sunlight.net/catalog/pendants_97944.html,6 000 руб. - 6 500 руб.
2024-06-05,Sunlight,2.83,21274.0,БК СЕРЬГИ,7517.0,"Цены ниже! Ещё -20%, код: НОЧЬ до 11:00",https://sunlight.net/catalog/earring_111406.html,7 000 руб. - 8 000 руб.
2024-06-05,Sunlight,9.61,59494.0,БК ПОДВЕС КУЛЬТ,6191.0,"Цены ниже! Ещё -15%, код: НОЧЬ до 11:00",https://sunlight.net/catalog/pendants_93913.html,6 000 руб. - 6 500 руб.
2024-06-05,Sunlight,3.36,22648.0,БК КОЛЬЦА ОБРУЧ,6740.0,"Цены ниже! Ещё -10%, код: НОЧЬ до 11:00",https://sunlight.net/catalog/ring_129974.html,6 500 руб. - 7 000 руб.
2024-06-05,Sunlight,3.56,20784.0,БК СЕРЬГИ,5838.0,"Цены ниже! Ещё -10%, код: НОЧЬ до 11:00",https://sunlight.net/catalog/earring_988227.html,5 500 руб. - 6 000 руб.
2024-06-05,Sunlight,1.68,10704.0,БК СЕРЬГИ,6371.0,"Цены ниже! Ещё -15%, код: НОЧЬ до 11:00",https://sunlight.net/catalog/earring_244120.html,6 000 руб. - 6 500 руб.
2024-06-05,Sunlight,3.0,19814.0,БК КОЛЬЦА ОБРУЧ,6605.0,"Цены ниже! Ещё -15%, код: НОЧЬ до 11:00",https://sunlight.net/catalog/ring_277733.html,6 500 руб. - 7 000 руб.
2024-06-05,Sunlight,1.28,8919.0,БК ПОДВЕС ДЕКОР,6968.0,"Цены ниже! Ещё -15%, код: НОЧЬ до 11:00",https://sunlight.net/catalog/pendants252814.html,6 500 руб. - 7 000 руб.
2024-06-05,Sunlight,2.45,17914.0,БК СЕРЬГИ,7312.0,"Цены ниже! Ещё -20%, код: НОЧЬ до 11:00",https://sunlight.net/catalog/earring_349857.html,7 000 руб. - 8 000 руб.
2024-06-05,Sunlight,2.82,16374.0,БК СЕРЬГИ,5806.0,"Цены ниже! Ещё -10%, код: НОЧЬ до 11:00",https://sunlight.net/catalog/earring_986272.html,5 500 руб. - 6 000 руб.
2024-06-05,Sunlight,0.35,3459.0,БК ПОДВЕС ДЕКОР,9883.0,"Цены ниже! Ещё -10%, код: НОЧЬ до 11:00",https://sunlight.net/catalog/pendants_279058.html,9 000 руб. - 10 000 руб.
2024-06-05,Sunlight,1.14,8919.0,БК ПОДВЕС ДЕКОР,7824.0,"Цены ниже! Ещё -15%, код: НОЧЬ до 11:00",https://sunlight.net/catalog/pendants_271350.html,7 000 руб. - 8 000 руб.
2024-06-05,Sunlight,3.0,17844.0,БК СЕРЬГИ,5948.0,"Цены ниже! Ещё -15%, код: НОЧЬ до 11:00",https://sunlight.net/catalog/earring_985398.html,5 500 руб. - 6 000 руб.
2024-06-05,Sunlight,1.62,10206.0,БК КОЛЬЦА,6300.0,"Цены ниже! Ещё -10%, код: НОЧЬ до 11:00",https://sunlight.net/catalog/ring_349013.html,6 000 руб. - 6 500 руб.
2024-06-05,Sunlight,3.59,32124.0,БК СЕРЬГИ,8948.0,"Цены ниже! Ещё -10%, код: НОЧЬ до 11:00",https://sunlight.net/catalog/earring_993655.html,8 000 руб. - 9 000 руб.
2024-06-05,Sunlight,3.31,23934.0,БК СЕРЬГИ,7231.0,"Цены ниже! Ещё -10%, код: НОЧЬ до 11:00",https://sunlight.net/catalog/earring_992421.html,7 000 руб. - 8 000 руб.
2024-06-05,Sunlight,1.34,10704.0,БК ПОДВЕС ДЕКОР,7988.0,"Цены ниже! Ещё -15%, код: НОЧЬ до 11:00",https://sunlight.net/catalog/pendants_271287.html,7 000 руб. - 8 000 руб.
2024-06-05,Sunlight,1.7,11299.0,БК СЕРЬГИ,6646.0,"Цены ниже! Ещё -15%, код: НОЧЬ до 11:00",https://sunlight.net/catalog/earring_83000.html,6 500 руб. - 7 000 руб.
2024-06-05,Sunlight,3.62,25194.0,БК СЕРЬГИ,6960.0,"Цены ниже! Ещё -20%, код: НОЧЬ до 11:00",https://sunlight.net/catalog/earring_91963.html,6 500 руб. - 7 000 руб.
2024-06-05,Sunlight,1.5,11685.0,ЦБ ЦЕПИ,7790.0,ХИТ-цена,https://sunlight.net/catalog/chains250802.html,7 000 руб. - 8 000 руб.
2024-06-05,Sunlight,0.4,3354.0,БК ПОДВЕС ДЕКОР,8385.0,"Цены ниже! Ещё -20%, код: НОЧЬ до 11:00",https://sunlight.net/catalog/pendants_330850.html,8 000 руб. - 9 000 руб.
2024-06-05,Sunlight,1.52,11894.0,БК СЕРЬГИ,7825.0,"Цены ниже! Ещё -15%, код: НОЧЬ до 11:00",https://sunlight.net/catalog/earring_349267.html,7 000 руб. - 8 000 руб.
2024-06-05,Sunlight,1.59,9514.0,БК СЕРЬГИ,5984.0,"Цены ниже! Ещё -15%, код: НОЧЬ до 11:00",https://sunlight.net/catalog/earring_243993.html,5 500 руб. - 6 000 руб.
2024-06-05,Sunlight,4.52,31595.0,ЦБ БРАСЛЕТЫ,6990.0,ХИТ-цена,https://sunlight.net/catalog/bracelets_53030.html,6 500 руб. - 7 000 руб.
2024-06-05,Sunlight,0.33,2490.0,БК ПОДВЕС ДЕКОР,7545.0,ХИТ-цена,https://sunlight.net/catalog/pendants_986596.html,7 000 руб. - 8 000 руб.
2024-06-05,Sunlight,1.17,7134.0,БК СЕРЬГИ,6097.0,"Цены ниже! Ещё -15%, код: НОЧЬ до 11:00",https://sunlight.net/catalog/earring_96539.html,6 000 руб. - 6 500 руб.
2024-06-05,Sunlight,2.05,14074.0,БК КОЛЬЦА ОБРУЧ,6865.0,"Цены ниже! Ещё -10%, код: НОЧЬ до 11:00",https://sunlight.net/catalog/ring_984584.html,6 500 руб. - 7 000 руб.
2024-06-05,Sunlight,1.93,12874.0,БК ПОДВЕС ДЕКОР,6670.0,"Цены ниже! Ещё -20%, код: НОЧЬ до 11:00",https://sunlight.net/catalog/pendants_174428.html,6 500 руб. - 7 000 руб.
2024-06-05,Sunlight,14.3,97097.0,ЦБ ЦЕПИ,6790.0,ХИТ-цена,https://sunlight.net/catalog/chains_276987.html,6 500 руб. - 7 000 руб.
2024-06-05,Sunlight,1.91,13994.0,БК ПОДВЕС КУЛЬТ,7327.0,"Цены ниже! Ещё -20%, код: НОЧЬ до 11:00",https://sunlight.net/catalog/pendants_310582.html,7 000 руб. - 8 000 руб.
2024-06-05,Sunlight,2.45,17914.0,БК ПОДВЕС ДЕКОР,7312.0,"Цены ниже! Ещё -20%, код: НОЧЬ до 11:00",https://sunlight.net/catalog/pendants_988788.html,7 000 руб. - 8 000 руб.
2024-06-05,Sunlight,2.8,23794.0,БК СЕРЬГИ,8498.0,"Цены ниже! Ещё -15%, код: НОЧЬ до 11:00",https://sunlight.net/catalog/earring_335064.html,8 000 руб. - 9 000 руб.
2024-06-05,Sunlight,2.02,15464.0,БК СЕРЬГИ,7655.0,"Цены ниже! Ещё -15%, код: НОЧЬ до 11:00",https://sunlight.net/catalog/earring_983707.html,7 000 руб. - 8 000 руб.
2024-06-05,Sunlight,2.23,13224.0,БК СЕРЬГИ,5930.0,"Цены ниже! Ещё -10%, код: НОЧЬ до 11:00",https://sunlight.net/catalog/earring_988228.html,5 500 руб. - 6 000 руб.
2024-06-05,Sunlight,3.68,22550.0,БК КОЛЬЦА,6128.0,"Цены ниже! Ещё -15%, код: НОЧЬ до 11:00",https://sunlight.net/catalog/ring_992206.html,6 000 руб. - 6 500 руб.
2024-06-05,Sunlight,4.3,28986.0,ЦБ БРАСЛЕТЫ,6741.0,"Цены ниже! Ещё -10%, код: НОЧЬ до 11:00",https://sunlight.net/catalog/bracelets_48540.html,6 500 руб. - 7 000 руб.
2024-06-05,Sunlight,1.01,8954.0,БК СЕРЬГИ,8865.0,"Цены ниже! Ещё -20%, код: НОЧЬ до 11:00",https://sunlight.net/catalog/earring_278049.html,8 000 руб. - 9 000 руб.
2024-06-05,Sunlight,0.41,2969.0,БК ПОДВЕС КУЛЬТ,7241.0,"Цены ниже! Ещё -15%, код: НОЧЬ до 11:00",https://sunlight.net/catalog/pendants_241185.html,7 000 руб. - 8 000 руб.
2024-06-05,Sunlight,1.49,13790.0,БК КОЛЬЦА ОБРУЧ,9255.0,ХИТ-цена,https://sunlight.net/catalog/ring_44783.html,9 000 руб. - 10 000 руб.
2024-06-05,Sunlight,1.0,8324.0,БК ПОДВЕС КУЛЬТ,8324.0,"Цены ниже! Ещё -15%, код: НОЧЬ до 11:00",https://sunlight.net/catalog/pendants_348337.html,8 000 руб. - 9 000 руб.
2024-06-05,Sunlight,4.69,34933.0,БК КОЛЬЦА,7448.0,"Цены ниже! Ещё -20%, код: НОЧЬ до 11:00",https://sunlight.net/catalog/ring_83089.html,7 000 руб. - 8 000 руб.
2024-06-05,Sunlight,2.21,15648.0,БК КОЛЬЦА,7081.0,"Цены ниже! Ещё -15%, код: НОЧЬ до 11:00",https://sunlight.net/catalog/ring_325581.html,7 000 руб. - 8 000 руб.
2024-06-05,Sunlight,3.49,21182.0,БК КОЛЬЦА,6069.0,"Цены ниже! Ещё -15%, код: НОЧЬ до 11:00",https://sunlight.net/catalog/ring_990083.html,6 000 руб. - 6 500 руб.
2024-06-05,Sunlight,4.69,49274.0,БК ПОДВЕС КУЛЬТ,10506.0,"Цены ниже! Ещё -20%, код: НОЧЬ до 11:00",https://sunlight.net/catalog/pendants_108912.html,свыше 10 000 руб.
2024-06-05,Sunlight,1.48,9514.0,БК ПОДВЕС ДЕКОР,6428.0,"Цены ниже! Ещё -15%, код: НОЧЬ до 11:00",https://sunlight.net/catalog/pendants_93143.html,6 000 руб. - 6 500 руб.
2024-06-05,Sunlight,1.32,8184.0,БК ПОДВЕС ДЕКОР,6200.0,"Цены ниже! Ещё -10%, код: НОЧЬ до 11:00",https://sunlight.net/catalog/pendants_991970.html,6 000 руб. - 6 500 руб.
2024-06-05,Sunlight,0.36,2794.0,БК ПОДВЕС ДЕКОР,7761.0,"Цены ниже! Ещё -20%, код: НОЧЬ до 11:00",https://sunlight.net/catalog/pendants_273169.html,7 000 руб. - 8 000 руб.
2024-06-05,Sunlight,2.32,16217.0,ЦБ ЦЕПИ,6990.0,ХИТ-цена,https://sunlight.net/catalog/chains_36847.html,6 500 руб. - 7 000 руб.
2024-06-05,Sunlight,1.44,8954.0,БК СЕРЬГИ,6218.0,"Цены ниже! Ещё -20%, код: НОЧЬ до 11:00",https://sunlight.net/catalog/earring_304137.html,6 000 руб. - 6 500 руб.
2024-06-05,Sunlight,0.6,4754.0,БК СЕРЬГИ,7923.0,"Цены ниже! Ещё -15%, код: НОЧЬ до 11:00",https://sunlight.net/catalog/earring_290542.html,7 000 руб. - 8 000 руб.
2024-06-05,Sunlight,0.63,3914.0,БК СЕРЬГИ,6213.0,"Цены ниже! Ещё -20%, код: НОЧЬ до 11:00",https://sunlight.net/catalog/earring_290546.html,6 000 руб. - 6 500 руб.
2024-06-05,Sunlight,1.61,12874.0,БК ПОДВЕС ДЕКОР,7996.0,"Цены ниже! Ещё -20%, код: НОЧЬ до 11:00",https://sunlight.net/catalog/pendants_986591.html,7 000 руб. - 8 000 руб.
2024-06-05,Sunlight,0.97,7834.0,БК ПОДВЕС ДЕКОР,8076.0,"Цены ниже! Ещё -20%, код: НОЧЬ до 11:00",https://sunlight.net/catalog/pendants_90864.html,8 000 руб. - 9 000 руб.
2024-06-05,Sunlight,2.36,17204.0,ЦБ ЦЕПИ,7290.0,ХИТ-цена,https://sunlight.net/catalog/chains_36826.html,7 000 руб. - 8 000 руб.
2024-06-05,Sunlight,15.79,73280.0,ЦБ БРАСЛЕТЫ,4641.0,"Цены ниже! Ещё -15%, код: НОЧЬ до 11:00",https://sunlight.net/catalog/bracelets_51629.html,до 5 500 руб.
2024-06-05,Sunlight,0.37,3074.0,БК ПОДВЕС ДЕКОР,8308.0,"Цены ниже! Ещё -20%, код: НОЧЬ до 11:00",https://sunlight.net/catalog/pendants_330855.html,8 000 руб. - 9 000 руб.
2024-06-05,Sunlight,1.75,10704.0,БК СЕРЬГИ,6117.0,"Цены ниже! Ещё -15%, код: НОЧЬ до 11:00",https://sunlight.net/catalog/earring_244004.html,6 000 руб. - 6 500 руб.
2024-06-05,Sunlight,0.98,6609.0,БК ПОДВЕС КУЛЬТ,6744.0,"Цены ниже! Ещё -10%, код: НОЧЬ до 11:00",https://sunlight.net/catalog/pendants_344161.html,6 500 руб. - 7 000 руб.
2024-06-05,Sunlight,3.36,25166.0,ЦБ ЦЕПИ,7490.0,ХИТ-цена,https://sunlight.net/catalog/chains_61856.html,7 000 руб. - 8 000 руб.
2024-06-05,Sunlight,2.73,20154.0,БК СЕРЬГИ,7382.0,"Цены ниже! Ещё -10%, код: НОЧЬ до 11:00",https://sunlight.net/catalog/earring_984629.html,7 000 руб. - 8 000 руб.
2024-06-05,Sunlight,1.41,8394.0,БК СЕРЬГИ,5953.0,"Цены ниже! Ещё -20%, код: НОЧЬ до 11:00",https://sunlight.net/catalog/earring_84844.html,5 500 руб. - 6 000 руб.
2024-06-05,Sunlight,3.49,23524.0,БК КОЛЬЦА ОБРУЧ,6740.0,"Цены ниже! Ещё -10%, код: НОЧЬ до 11:00",https://sunlight.net/catalog/ring_276754.html,6 500 руб. - 7 000 руб.
2024-06-05,Sunlight,0.37,2969.0,БК ПОДВЕС ДЕКОР,8024.0,"Цены ниже! Ещё -15%, код: НОЧЬ до 11:00",https://sunlight.net/catalog/pendants_988601.html,8 000 руб. - 9 000 руб.
2024-06-05,Sunlight,0.5,3354.0,БК ПОДВЕС ДЕКОР,6708.0,"Цены ниже! Ещё -20%, код: НОЧЬ до 11:00",https://sunlight.net/catalog/pendants_278028.html,6 500 руб. - 7 000 руб.
2024-06-05,Sunlight,1.18,7869.0,БК ПОДВЕС КУЛЬТ,6669.0,"Цены ниже! Ещё -10%, код: НОЧЬ до 11:00",https://sunlight.net/catalog/pendants_146380.html,6 500 руб. - 7 000 руб.
2024-06-05,Sunlight,1.11,7729.0,БК КОЛЬЦА,6963.0,"Цены ниже! Ещё -15%, код: НОЧЬ до 11:00",https://sunlight.net/catalog/ring_151540.html,6 500 руб. - 7 000 руб.
2024-06-05,Sunlight,0.8,5052.0,БК СЕРЬГИ,6315.0,"Цены снижены! Ещё -15%, код: СЕГОДНЯ",https://sunlight.net/catalog/earring_267527.html,6 000 руб. - 6 500 руб.
2024-06-05,Sunlight,1.67,11299.0,БК СЕРЬГИ,6766.0,"Цены ниже! Ещё -15%, код: НОЧЬ до 11:00",https://sunlight.net/catalog/earring_351944.html,6 500 руб. - 7 000 руб.
2024-06-05,Sunlight,0.57,3634.0,БК СЕРЬГИ,6375.0,"Цены ниже! Ещё -20%, код: НОЧЬ до 11:00",https://sunlight.net/catalog/earring_112604.html,6 000 руб. - 6 500 руб.
2024-06-05,Sunlight,0.62,4754.0,БК ПОДВЕС ДЕКОР,7668.0,"Цены ниже! Ещё -15%, код: НОЧЬ до 11:00",https://sunlight.net/catalog/pendants_271401.html,7 000 руб. - 8 000 руб.
2024-06-05,Sunlight,1.31,9550.0,ЦБ ЦЕПИ,7290.0,ХИТ-цена,https://sunlight.net/catalog/chains_119488.html,7 000 руб. - 8 000 руб.
2024-06-05,Sunlight,2.84,23304.0,БК СЕРЬГИ,8206.0,"Цены ниже! Ещё -10%, код: НОЧЬ до 11:00",https://sunlight.net/catalog/earring_343553.html,8 000 руб. - 9 000 руб.
2024-06-05,Sunlight,3.08,25225.0,БК КОЛЬЦА,8190.0,"Цены ниже! Ещё -10%, код: НОЧЬ до 11:00",https://sunlight.net/catalog/ring_990759.html,8 000 руб. - 9 000 руб.
2024-06-05,Sunlight,0.91,5664.0,БК ПОДВЕС КУЛЬТ,6224.0,"Цены ниже! Ещё -10%, код: НОЧЬ до 11:00",https://sunlight.net/catalog/pendants_80724.html,6 000 руб. - 6 500 руб.
2024-06-05,Sunlight,3.4,26874.0,БК ПОДВЕС ДЕКОР,7904.0,"Цены ниже! Ещё -20%, код: НОЧЬ до 11:00",https://sunlight.net/catalog/pendants_108911.html,7 000 руб. - 8 000 руб.
2024-06-05,Sunlight,1.51,12314.0,БК СЕРЬГИ,8155.0,"Цены ниже! Ещё -20%, код: НОЧЬ до 11:00",https://sunlight.net/catalog/earring_242304.html,8 000 руб. - 9 000 руб.
2024-06-05,Sunlight,3.79,30794.0,БК СЕРЬГИ,8125.0,"Цены ниже! Ещё -20%, код: НОЧЬ до 11:00",https://sunlight.net/catalog/earring_104190.html,8 000 руб. - 9 000 руб.
2024-06-05,Sunlight,1.25,9514.0,БК СЕРЬГИ,7611.0,"Цены ниже! Ещё -15%, код: НОЧЬ до 11:00",https://sunlight.net/catalog/earring_335814.html,7 000 руб. - 8 000 руб.
2024-06-05,Sunlight,1.02,7239.0,БК ПОДВЕС КУЛЬТ,7097.0,"Цены ниже! Ещё -10%, код: НОЧЬ до 11:00",https://sunlight.net/catalog/pendants_108720.html,7 000 руб. - 8 000 руб.
2024-06-05,Sunlight,1.8,12361.0,БК КОЛЬЦА ОБРУЧ,6867.0,"Цены ниже! Ещё -10%, код: НОЧЬ до 11:00",https://sunlight.net/catalog/ring_276028.html,6 500 руб. - 7 000 руб.
2024-06-05,Sunlight,1.83,14274.0,БК СЕРЬГИ,7800.0,"Цены ниже! Ещё -15%, код: НОЧЬ до 11:00",https://sunlight.net/catalog/earring_984195.html,7 000 руб. - 8 000 руб.
2024-06-05,Sunlight,1.62,10074.0,БК СЕРЬГИ,6219.0,"Цены ниже! Ещё -10%, код: НОЧЬ до 11:00",https://sunlight.net/catalog/earring_242307.html,6 000 руб. - 6 500 руб.
2024-06-05,Sunlight,2.48,13721.0,БК КОЛЬЦА,5533.0,"Цены ниже! Ещё -15%, код: НОЧЬ до 11:00",https://sunlight.net/catalog/ring_339425.html,5 500 руб. - 6 000 руб.
2024-06-05,Sunlight,0.56,4159.0,БК ПОДВЕС ДЕКОР,7427.0,"Цены ниже! Ещё -15%, код: НОЧЬ до 11:00",https://sunlight.net/catalog/pendants_996982.html,7 000 руб. - 8 000 руб.
2024-06-05,Sunlight,3.99,26589.0,БК КОЛЬЦА ОБРУЧ,6664.0,"Цены ниже! Ещё -20%, код: НОЧЬ до 11:00",https://sunlight.net/catalog/ring_332305.html,6 500 руб. - 7 000 руб.
2024-06-05,Sunlight,0.85,5979.0,БК ПОДВЕС КУЛЬТ,7034.0,"Цены ниже! Ещё -10%, код: НОЧЬ до 11:00",https://sunlight.net/catalog/pendants_304335.html,7 000 руб. - 8 000 руб.
2024-06-05,Sunlight,2.47,15114.0,БК СЕРЬГИ,6119.0,"Цены ниже! Ещё -10%, код: НОЧЬ до 11:00",https://sunlight.net/catalog/earring_244075.html,6 000 руб. - 6 500 руб.
2024-06-05,Sunlight,1.84,14274.0,БК СЕРЬГИ,7758.0,"Цены ниже! Ещё -15%, код: НОЧЬ до 11:00",https://sunlight.net/catalog/earring_333355.html,7 000 руб. - 8 000 руб.
2024-06-05,Sunlight,0.77,6714.0,БК ПОДВЕС ДЕКОР,8719.0,"Цены ниже! Ещё -20%, код: НОЧЬ до 11:00",https://sunlight.net/catalog/pendants_995650.html,8 000 руб. - 9 000 руб.
2024-06-05,Sunlight,3.75,26212.0,ЦБ ЦЕПИ,6990.0,ХИТ-цена,https://sunlight.net/catalog/chains_89774.html,6 500 руб. - 7 000 руб.
2024-06-05,Sunlight,6.04,42220.0,ЦБ ЦЕПИ,6990.0,ХИТ-цена,https://sunlight.net/catalog/chains_36830.html,6 500 руб. - 7 000 руб.
2024-06-05,Sunlight,0.38,3354.0,БК ПОДВЕС ДЕКОР,8826.0,"Цены ниже! Ещё -20%, код: НОЧЬ до 11:00",https://sunlight.net/catalog/pendants_333338.html,8 000 руб. - 9 000 руб.
2024-06-05,Sunlight,8.41,58786.0,ЦБ ЦЕПИ,6990.0,ХИТ-цена,https://sunlight.net/catalog/chains_92841.html,6 500 руб. - 7 000 руб.
2024-06-05,Sunlight,3.77,28237.0,ЦБ ЦЕПИ,7490.0,ХИТ-цена,https://sunlight.net/catalog/chains_289356.html,7 000 руб. - 8 000 руб.
2024-06-05,Sunlight,8.77,56917.0,ЦБ ЦЕПИ,6490.0,ХИТ-цена,https://sunlight.net/catalog/chains_53969.html,6 000 руб. - 6 500 руб.
2024-06-05,Sunlight,0.51,3459.0,БК ПОДВЕС ДЕКОР,6782.0,"Цены ниже! Ещё -10%, код: НОЧЬ до 11:00",https://sunlight.net/catalog/pendants_349885.html,6 500 руб. - 7 000 руб.
2024-06-05,Sunlight,0.62,4754.0,БК ПОДВЕС ДЕКОР,7668.0,"Цены ниже! Ещё -15%, код: НОЧЬ до 11:00",https://sunlight.net/catalog/pendants_271482.html,7 000 руб. - 8 000 руб.
2024-06-05,Sunlight,1.07,6609.0,БК СЕРЬГИ,6177.0,"Цены ниже! Ещё -10%, код: НОЧЬ до 11:00",https://sunlight.net/catalog/earring_994394.html,6 000 руб. - 6 500 руб.
2024-06-05,Sunlight,2.4,14708.0,БК КОЛЬЦА ОБРУЧ,6128.0,"Цены ниже! Ещё -15%, код: НОЧЬ до 11:00",https://sunlight.net/catalog/ring_89524.html,6 000 руб. - 6 500 руб.
2024-06-05,Sunlight,22.77,131838.0,ЦБ ЦЕПИ,5790.0,ХИТ-цена,https://sunlight.net/catalog/chains_129945.html,5 500 руб. - 6 000 руб.
2024-06-05,Sunlight,3.67,21249.0,ЦБ ЦЕПИ,5790.0,ХИТ-цена,https://sunlight.net/catalog/chains_96448.html,5 500 руб. - 6 000 руб.
2024-06-05,Sunlight,1.02,7834.0,БК ПОДВЕС КУЛЬТ,7680.0,"Цены ниже! Ещё -20%, код: НОЧЬ до 11:00",https://sunlight.net/catalog/pendants_986609.html,7 000 руб. - 8 000 руб.
2024-06-05,Sunlight,1.75,10103.0,БК КОЛЬЦА,5773.0,"Цены ниже! Ещё -15%, код: НОЧЬ до 11:00",https://sunlight.net/catalog/ring_333550.html,5 500 руб. - 6 000 руб.
2024-06-05,Sunlight,1.03,7834.0,БК СЕРЬГИ,7606.0,"Цены ниже! Ещё -20%, код: НОЧЬ до 11:00",https://sunlight.net/catalog/earring_236089.html,7 000 руб. - 8 000 руб.
2024-06-05,Sunlight,1.88,11964.0,БК ПОДВЕС КУЛЬТ,6364.0,"Цены ниже! Ещё -10%, код: НОЧЬ до 11:00",https://sunlight.net/catalog/pendants_986601.html,6 000 руб. - 6 500 руб.
2024-06-05,Sunlight,5.33,31927.0,ЦБ ЦЕПИ,5990.0,ХИТ-цена,https://sunlight.net/catalog/chains_63096.html,5 500 руб. - 6 000 руб.
2024-06-05,Sunlight,0.95,5874.0,БК СЕРЬГИ,6183.0,"Цены ниже! Ещё -20%, код: НОЧЬ до 11:00",https://sunlight.net/catalog/earring_304122.html,6 000 руб. - 6 500 руб.
2024-06-05,Sunlight,1.02,6294.0,БК СЕРЬГИ,6171.0,"Цены ниже! Ещё -10%, код: НОЧЬ до 11:00",https://sunlight.net/catalog/earring_344006.html,6 000 руб. - 6 500 руб.
2024-06-05,Sunlight,1.88,14484.0,БК СЕРЬГИ,7704.0,"Цены ниже! Ещё -10%, код: НОЧЬ до 11:00",https://sunlight.net/catalog/earring_984630.html,7 000 руб. - 8 000 руб.
2024-06-05,Sunlight,2.85,21346.0,ЦБ ЦЕПИ,7490.0,ХИТ-цена,https://sunlight.net/catalog/chains_112461.html,7 000 руб. - 8 000 руб.
2024-06-05,Sunlight,3.88,29114.0,БК СЕРЬГИ,7504.0,"Цены ниже! Ещё -20%, код: НОЧЬ до 11:00",https://sunlight.net/catalog/earring_79031.html,7 000 руб. - 8 000 руб.
2024-06-05,Sunlight,1.13,6837.0,БК СЕРЬГИ,6050.0,"Цены снижены! Ещё -15%, код: СЕГОДНЯ",https://sunlight.net/catalog/earring_155246.html,6 000 руб. - 6 500 руб.
2024-06-05,Sunlight,1.79,11299.0,БК СЕРЬГИ,6312.0,"Цены ниже! Ещё -15%, код: НОЧЬ до 11:00",https://sunlight.net/catalog/earring_165711.html,6 000 руб. - 6 500 руб.
2024-06-05,Sunlight,1.51,11299.0,БК ПОДВЕС ДЕКОР,7483.0,"Цены ниже! Ещё -15%, код: НОЧЬ до 11:00",https://sunlight.net/catalog/pendants_989044.html,7 000 руб. - 8 000 руб.
2024-06-05,Sunlight,5.42,37886.0,ЦБ ЦЕПИ,6990.0,ХИТ-цена,https://sunlight.net/catalog/chains_81626.html,6 500 руб. - 7 000 руб.
2024-06-05,Sunlight,3.26,24074.0,БК СЕРЬГИ,7385.0,"Цены ниже! Ещё -20%, код: НОЧЬ до 11:00",https://sunlight.net/catalog/earring_351946.html,7 000 руб. - 8 000 руб.
2024-06-05,Sunlight,0.48,3862.0,БК ПОДВЕС ДЕКОР,8046.0,"Цены ниже! Ещё -15%, код: НОЧЬ до 11:00",https://sunlight.net/catalog/pendants_89062.html,8 000 руб. - 9 000 руб.
2024-06-05,Sunlight,1.36,9954.0,БК КОЛЬЦА,7319.0,"Цены ниже! Ещё -15%, код: НОЧЬ до 11:00",https://sunlight.net/catalog/ring_983992.html,7 000 руб. - 8 000 руб.
2024-06-05,Sunlight,2.8,20784.0,БК СЕРЬГИ,7423.0,"Цены ниже! Ещё -10%, код: НОЧЬ до 11:00",https://sunlight.net/catalog/earring_94000.html,7 000 руб. - 8 000 руб.
2024-06-05,Sunlight,0.93,6609.0,БК ПОДВЕС КУЛЬТ,7106.0,"Цены ниже! Ещё -10%, код: НОЧЬ до 11:00",https://sunlight.net/catalog/pendants_349278.html,7 000 руб. - 8 000 руб.
2024-06-05,Sunlight,0.88,5052.0,БК СЕРЬГИ,5741.0,"Цены ниже! Ещё -15%, код: НОЧЬ до 11:00",https://sunlight.net/catalog/earring_992481.html,5 500 руб. - 6 000 руб.
2024-06-05,Sunlight,1.39,11299.0,БК СЕРЬГИ,8129.0,"Цены ниже! Ещё -15%, код: НОЧЬ до 11:00",https://sunlight.net/catalog/earring_215916.html,8 000 руб. - 9 000 руб.
2024-06-05,Sunlight,3.73,27938.0,ЦБ ЦЕПИ,7490.0,ХИТ-цена,https://sunlight.net/catalog/chains_104758.html,7 000 руб. - 8 000 руб.
2024-06-05,Sunlight,1.21,7274.0,БК СЕРЬГИ,6012.0,"Цены ниже! Ещё -20%, код: НОЧЬ до 11:00",https://sunlight.net/catalog/earring_333546.html,6 000 руб. - 6 500 руб.
2024-06-05,Sunlight,0.97,6434.0,БК ПОДВЕС ДЕКОР,6633.0,"Цены ниже! Ещё -20%, код: НОЧЬ до 11:00",https://sunlight.net/catalog/pendants_340368.html,6 500 руб. - 7 000 руб.
2024-06-05,Sunlight,1.9,11299.0,БК СЕРЬГИ,5947.0,"Цены ниже! Ещё -15%, код: НОЧЬ до 11:00",https://sunlight.net/catalog/earring_238291.html,5 500 руб. - 6 000 руб.
2024-06-05,Sunlight,3.87,27051.0,ЦБ ЦЕПИ,6990.0,ХИТ-цена,https://sunlight.net/catalog/chains_63132.html,6 500 руб. - 7 000 руб.
2024-06-05,Sunlight,0.83,6994.0,БК ПОДВЕС КУЛЬТ,8427.0,"Цены ниже! Ещё -20%, код: НОЧЬ до 11:00",https://sunlight.net/catalog/pendants_277670.html,8 000 руб. - 9 000 руб.
2024-06-05,Sunlight,1.41,12489.0,БК ПОДВЕС ДЕКОР,8857.0,"Цены ниже! Ещё -15%, код: НОЧЬ до 11:00",https://sunlight.net/catalog/pendants_268985.html,8 000 руб. - 9 000 руб.
2024-06-05,Sunlight,0.63,5314.0,БК ПОДВЕС ДЕКОР,8435.0,"Цены ниже! Ещё -20%, код: НОЧЬ до 11:00",https://sunlight.net/catalog/pendants_271398.html,8 000 руб. - 9 000 руб.
2024-06-05,Sunlight,1.98,12594.0,БК СЕРЬГИ,6361.0,"Цены ниже! Ещё -10%, код: НОЧЬ до 11:00",https://sunlight.net/catalog/earring_242302.html,6 000 руб. - 6 500 руб.
2024-06-05,Sunlight,3.25,22432.0,БК КОЛЬЦА ОБРУЧ,6902.0,"Цены ниже! Ещё -15%, код: НОЧЬ до 11:00",https://sunlight.net/catalog/ring_984569.html,6 500 руб. - 7 000 руб.
2024-06-05,Sunlight,0.56,4474.0,БК СЕРЬГИ,7989.0,"Цены ниже! Ещё -20%, код: НОЧЬ до 11:00",https://sunlight.net/catalog/earring_320329.html,7 000 руб. - 8 000 руб.
2024-06-05,Sunlight,2.55,17824.0,ЦБ ЦЕПИ,6990.0,ХИТ-цена,https://sunlight.net/catalog/chains_104195.html,6 500 руб. - 7 000 руб.
2024-06-05,Sunlight,1.45,10091.0,БК КОЛЬЦА,6959.0,"Цены ниже! Ещё -15%, код: НОЧЬ до 11:00",https://sunlight.net/catalog/ring_992414.html,6 500 руб. - 7 000 руб.
2024-06-05,Sunlight,2.28,14107.0,БК КОЛЬЦА ОБРУЧ,6187.0,"Цены ниже! Ещё -15%, код: НОЧЬ до 11:00",https://sunlight.net/catalog/ring_273326.html,6 000 руб. - 6 500 руб.
2024-06-05,Sunlight,2.97,23794.0,БК СЕРЬГИ,8011.0,"Цены ниже! Ещё -15%, код: НОЧЬ до 11:00",https://sunlight.net/catalog/earring_993769.html,8 000 руб. - 9 000 руб.
2024-06-05,Sunlight,4.23,27453.0,ЦБ ЦЕПИ,6490.0,ХИТ-цена,https://sunlight.net/catalog/chains_81185.html,6 000 руб. - 6 500 руб.
2024-06-05,Sunlight,2.58,15674.0,БК СЕРЬГИ,6075.0,"Цены ниже! Ещё -20%, код: НОЧЬ до 11:00",https://sunlight.net/catalog/earring_243996.html,6 000 руб. - 6 500 руб.
2024-06-05,Sunlight,2.89,19944.0,БК КОЛЬЦА ОБРУЧ,6901.0,"Цены ниже! Ещё -15%, код: НОЧЬ до 11:00",https://sunlight.net/catalog/ring_994537.html,6 500 руб. - 7 000 руб.
2024-06-05,Sunlight,1.78,13679.0,БК СЕРЬГИ,7685.0,"Цены ниже! Ещё -15%, код: НОЧЬ до 11:00",https://sunlight.net/catalog/earring_300184.html,7 000 руб. - 8 000 руб.
2024-06-05,Sunlight,0.87,5647.0,БК СЕРЬГИ,6491.0,"Цены ниже! Ещё -15%, код: НОЧЬ до 11:00",https://sunlight.net/catalog/earring_333424.html,6 000 руб. - 6 500 руб.
2024-06-05,Sunlight,1.69,9752.0,БК КОЛЬЦА,5770.0,"Цены ниже! Ещё -15%, код: НОЧЬ до 11:00",https://sunlight.net/catalog/ring_282786.html,5 500 руб. - 6 000 руб.
2024-06-05,Sunlight,1.89,11299.0,БК СЕРЬГИ,5978.0,"Цены ниже! Ещё -15%, код: НОЧЬ до 11:00",https://sunlight.net/catalog/earring_336242.html,5 500 руб. - 6 000 руб.
2024-06-05,Sunlight,0.82,5034.0,БК СЕРЬГИ,6139.0,"Цены ниже! Ещё -20%, код: НОЧЬ до 11:00",https://sunlight.net/catalog/earring_290539.html,6 000 руб. - 6 500 руб.
2024-06-05,Sunlight,1.49,8637.0,БК КОЛЬЦА,5797.0,"Цены ниже! Ещё -10%, код: НОЧЬ до 11:00",https://sunlight.net/catalog/ring_992408.html,5 500 руб. - 6 000 руб.
2024-06-05,Sunlight,3.31,19629.0,БК СЕРЬГИ,5930.0,"Цены ниже! Ещё -15%, код: НОЧЬ до 11:00",https://sunlight.net/catalog/earring_250532.html,5 500 руб. - 6 000 руб.
2024-06-05,Sunlight,0.29,2490.0,БК ПОДВЕС ДЕКОР,8586.0,ХИТ-цена,https://sunlight.net/catalog/pendants_98061.html,8 000 руб. - 9 000 руб.
2024-06-05,Sunlight,2.84,19505.0,БК КОЛЬЦА ОБРУЧ,6868.0,"Цены ниже! Ещё -10%, код: НОЧЬ до 11:00",https://sunlight.net/catalog/ring_83658.html,6 500 руб. - 7 000 руб.
2024-06-05,Sunlight,1.21,8919.0,БК СЕРЬГИ,7371.0,"Цены ниже! Ещё -15%, код: НОЧЬ до 11:00",https://sunlight.net/catalog/earring_108776.html,7 000 руб. - 8 000 руб.
2024-06-05,Sunlight,4.21,32124.0,БК СЕРЬГИ,7630.0,"Цены ниже! Ещё -10%, код: НОЧЬ до 11:00",https://sunlight.net/catalog/earring_346531.html,7 000 руб. - 8 000 руб.
2024-06-05,Sunlight,1.02,6242.0,БК СЕРЬГИ,6120.0,"Цены ниже! Ещё -15%, код: НОЧЬ до 11:00",https://sunlight.net/catalog/earring_329443.html,6 000 руб. - 6 500 руб.
2024-06-05,Sunlight,1.79,11299.0,БК СЕРЬГИ,6312.0,"Цены ниже! Ещё -15%, код: НОЧЬ до 11:00",https://sunlight.net/catalog/earring_244025.html,6 000 руб. - 6 500 руб.
2024-06-05,Sunlight,1.63,12209.0,ЦБ ЦЕПИ,7490.0,ХИТ-цена,https://sunlight.net/catalog/chains_44925.html,7 000 руб. - 8 000 руб.
2024-06-05,Sunlight,0.14,827.0,БК СЕРЬГИ,5907.0,"Цены ниже! Ещё -15%, код: НОЧЬ до 11:00",https://sunlight.net/catalog/piercing_339911.html,5 500 руб. - 6 000 руб.
2024-06-05,Sunlight,1.01,5824.0,БК КОЛЬЦА,5766.0,"Цены ниже! Ещё -20%, код: НОЧЬ до 11:00",https://sunlight.net/catalog/ring_349265.html,5 500 руб. - 6 000 руб.
2024-06-05,Sunlight,3.33,20801.0,БК КОЛЬЦА ОБРУЧ,6247.0,"Цены ниже! Ещё -15%, код: НОЧЬ до 11:00",https://sunlight.net/catalog/ring_90693.html,6 000 руб. - 6 500 руб.
2024-06-05,Sunlight,2.66,18593.0,ЦБ БРАСЛЕТЫ,6990.0,ХИТ-цена,https://sunlight.net/catalog/bracelets_51425.html,6 500 руб. - 7 000 руб.
2024-06-05,Sunlight,4.37,24230.0,ЦБ БРАСЛЕТЫ,5545.0,"Цены ниже! Ещё -10%, код: НОЧЬ до 11:00",https://sunlight.net/catalog/bracelets_256229.html,5 500 руб. - 6 000 руб.
2024-06-05,Sunlight,0.16,946.0,БК СЕРЬГИ,5912.0,"Цены ниже! Ещё -20%, код: НОЧЬ до 11:00",https://sunlight.net/catalog/piercing_349337.html,5 500 руб. - 6 000 руб.
2024-06-05,Sunlight,2.08,11882.0,ЦБ БРАСЛЕТЫ,5712.0,"Цены ниже! Ещё -15%, код: НОЧЬ до 11:00",https://sunlight.net/catalog/anklets_336831.html,5 500 руб. - 6 000 руб.
2024-06-05,Sunlight,3.35,23416.0,ЦБ ЦЕПИ,6990.0,ХИТ-цена,https://sunlight.net/catalog/chains_103639.html,6 500 руб. - 7 000 руб.
2024-06-05,Sunlight,6.81,44240.0,ЦБ БРАСЛЕТЫ,6496.0,"Цены ниже! Ещё -20%, код: НОЧЬ до 11:00",https://sunlight.net/catalog/bracelets_343465.html,6 000 руб. - 6 500 руб.
2024-06-05,Sunlight,1.33,10109.0,БК ПОДВЕС ДЕКОР,7601.0,"Цены ниже! Ещё -15%, код: НОЧЬ до 11:00",https://sunlight.net/catalog/pendants_271480.html,7 000 руб. - 8 000 руб.
2024-06-05,Sunlight,1.13,8919.0,БК ПОДВЕС ДЕКОР,7893.0,"Цены ниже! Ещё -15%, код: НОЧЬ до 11:00",https://sunlight.net/catalog/pendants_344037.html,7 000 руб. - 8 000 руб.
2024-06-05,Sunlight,2.77,20819.0,БК СЕРЬГИ,7516.0,"Цены ниже! Ещё -15%, код: НОЧЬ до 11:00",https://sunlight.net/catalog/earring_984628.html,7 000 руб. - 8 000 руб.
2024-06-05,Sunlight,3.25,22718.0,ЦБ ЦЕПИ,6990.0,ХИТ-цена,https://sunlight.net/catalog/chains_44829.html,6 500 руб. - 7 000 руб.
2024-06-05,Sunlight,1.6,9901.0,БК КОЛЬЦА ОБРУЧ,6188.0,"Цены ниже! Ещё -15%, код: НОЧЬ до 11:00",https://sunlight.net/catalog/ring229806.html,6 000 руб. - 6 500 руб.
2024-06-05,Sunlight,1.88,13994.0,БК СЕРЬГИ,7444.0,"Цены ниже! Ещё -20%, код: НОЧЬ до 11:00",https://sunlight.net/catalog/earring_242431.html,7 000 руб. - 8 000 руб.
2024-06-05,Sunlight,1.64,13084.0,БК СЕРЬГИ,7978.0,"Цены ниже! Ещё -15%, код: НОЧЬ до 11:00",https://sunlight.net/catalog/earring_66212.html,7 000 руб. - 8 000 руб.
2024-06-05,Sunlight,3.25,23794.0,БК СЕРЬГИ,7321.0,"Цены ниже! Ещё -15%, код: НОЧЬ до 11:00",https://sunlight.net/catalog/earring_991989.html,7 000 руб. - 8 000 руб.
2024-06-05,Sunlight,0.8,6242.0,БК СЕРЬГИ,7802.0,"Цены ниже! Ещё -15%, код: НОЧЬ до 11:00",https://sunlight.net/catalog/earring_242662.html,7 000 руб. - 8 000 руб.
2024-06-05,Sunlight,1.95,10906.0,БК КОЛЬЦА,5593.0,"Цены ниже! Ещё -15%, код: НОЧЬ до 11:00",https://sunlight.net/catalog/ring_335813.html,5 500 руб. - 6 000 руб.
2024-06-05,Sunlight,3.54,27434.0,БК СЕРЬГИ,7750.0,"Цены ниже! Ещё -20%, код: НОЧЬ до 11:00",https://sunlight.net/catalog/earring_92652.html,7 000 руб. - 8 000 руб.
2024-06-05,Sunlight,5.03,32124.0,БК СЕРЬГИ,6386.0,"Цены ниже! Ещё -10%, код: НОЧЬ до 11:00",https://sunlight.net/catalog/earring_92684.html,6 000 руб. - 6 500 руб.
2024-06-05,Sunlight,1.72,10704.0,БК ПОДВЕС КУЛЬТ,6223.0,"Цены ниже! Ещё -10%, код: НОЧЬ до 11:00",https://sunlight.net/catalog/pendants_348338.html,6 000 руб. - 6 500 руб.
2024-06-05,Sunlight,1.64,12284.0,ЦБ ЦЕПИ,7490.0,ХИТ-цена,https://sunlight.net/catalog/chains_40219.html,7 000 руб. - 8 000 руб.
2024-06-05,Sunlight,1.05,8394.0,БК СЕРЬГИ,7994.0,"Цены ниже! Ещё -20%, код: НОЧЬ до 11:00",https://sunlight.net/catalog/earring_992478.html,7 000 руб. - 8 000 руб.
2024-06-05,Sunlight,2.53,17375.0,ЦБ БРАСЛЕТЫ,6868.0,"Цены ниже! Ещё -10%, код: НОЧЬ до 11:00",https://sunlight.net/catalog/bracelets_119471.html,6 500 руб. - 7 000 руб.
2024-06-05,Sunlight,2.69,19826.0,БК КОЛЬЦА,7370.0,"Цены ниже! Ещё -10%, код: НОЧЬ до 11:00",https://sunlight.net/catalog/ring_353551.html,7 000 руб. - 8 000 руб.
2024-06-05,Sunlight,1.84,10294.0,БК КОЛЬЦА,5595.0,"Цены ниже! Ещё -15%, код: НОЧЬ до 11:00",https://sunlight.net/catalog/ring_354890.html,5 500 руб. - 6 000 руб.
2024-06-05,Sunlight,4.78,38669.0,БК СЕРЬГИ,8090.0,"Цены ниже! Ещё -15%, код: НОЧЬ до 11:00",https://sunlight.net/catalog/earring_349016.html,8 000 руб. - 9 000 руб.
2024-06-05,Sunlight,1.47,10074.0,БК ПОДВЕС ДЕКОР,6853.0,"Цены ниже! Ещё -10%, код: НОЧЬ до 11:00",https://sunlight.net/catalog/pendants_993686.html,6 500 руб. - 7 000 руб.
2024-06-05,Sunlight,5.6,39144.0,ЦБ ЦЕПИ,6990.0,ХИТ-цена,https://sunlight.net/catalog/chains_341525.html,6 500 руб. - 7 000 руб.
2024-06-05,Sunlight,0.65,4089.0,БК ПОДВЕС ДЕКОР,6291.0,"Цены ниже! Ещё -10%, код: НОЧЬ до 11:00",https://sunlight.net/catalog/pendants_284137.html,6 000 руб. - 6 500 руб.
2024-06-05,Sunlight,4.54,31735.0,ЦБ ЦЕПИ,6990.0,ХИТ-цена,https://sunlight.net/catalog/chains_73709.html,6 500 руб. - 7 000 руб.
2024-06-05,Sunlight,27.93,167301.0,ЦБ ЦЕПИ,5990.0,ХИТ-цена,https://sunlight.net/catalog/chains_82795.html,5 500 руб. - 6 000 руб.
2024-06-05,Sunlight,2.78,21274.0,БК ПОДВЕС КУЛЬТ,7653.0,"Цены ниже! Ещё -20%, код: НОЧЬ до 11:00",https://sunlight.net/catalog/pendants_346475.html,7 000 руб. - 8 000 руб.
2024-06-05,Sunlight,1.95,15114.0,БК СЕРЬГИ,7751.0,"Цены ниже! Ещё -20%, код: НОЧЬ до 11:00",https://sunlight.net/catalog/earring_343996.html,7 000 руб. - 8 000 руб.
2024-06-05,Sunlight,2.22,13298.0,ЦБ ЦЕПИ,5990.0,ХИТ-цена,https://sunlight.net/catalog/chains_319319.html,5 500 руб. - 6 000 руб.
2024-06-05,Sunlight,0.2,1898.0,БК ПОДВЕС ДЕКОР,9490.0,"Цены ниже! Ещё -15%, код: НОЧЬ до 11:00",https://sunlight.net/catalog/pendants_330840.html,9 000 руб. - 10 000 руб.
2024-06-05,Sunlight,1.54,8536.0,БК КОЛЬЦА,5543.0,"Цены ниже! Ещё -10%, код: НОЧЬ до 11:00",https://sunlight.net/catalog/ring_992416.html,5 500 руб. - 6 000 руб.
2024-06-05,Sunlight,2.11,13224.0,БК СЕРЬГИ,6267.0,"Цены ниже! Ещё -10%, код: НОЧЬ до 11:00",https://sunlight.net/catalog/earring_244026.html,6 000 руб. - 6 500 руб.
2024-06-05,Sunlight,1.19,6658.0,ЦБ БРАСЛЕТЫ,5595.0,"Цены ниже! Ещё -15%, код: НОЧЬ до 11:00",https://sunlight.net/catalog/bracelets_245571.html,5 500 руб. - 6 000 руб.
2024-06-05,Sunlight,3.75,26253.0,БК КОЛЬЦА,7001.0,"Цены ниже! Ещё -20%, код: НОЧЬ до 11:00",https://sunlight.net/catalog/ring_349882.html,7 000 руб. - 8 000 руб.
2024-06-05,Sunlight,2.16,16059.0,БК СЕРЬГИ,7435.0,"Цены ниже! Ещё -15%, код: НОЧЬ до 11:00",https://sunlight.net/catalog/earring_93210.html,7 000 руб. - 8 000 руб.
2024-06-05,Sunlight,0.77,6837.0,БК СЕРЬГИ,8879.0,"Цены ниже! Ещё -15%, код: НОЧЬ до 11:00",https://sunlight.net/catalog/earring_988295.html,8 000 руб. - 9 000 руб.
2024-06-05,Sunlight,2.44,14869.0,БК СЕРЬГИ,6094.0,"Цены ниже! Ещё -15%, код: НОЧЬ до 11:00",https://sunlight.net/catalog/earring_336272.html,6 000 руб. - 6 500 руб.
2024-06-05,Sunlight,1.05,5954.0,БК КОЛЬЦА,5670.0,"Цены ниже! Ещё -10%, код: НОЧЬ до 11:00",https://sunlight.net/catalog/ring_348058.html,5 500 руб. - 6 000 руб.
2024-06-05,Sunlight,2.43,14087.0,БК КОЛЬЦА,5797.0,"Цены ниже! Ещё -10%, код: НОЧЬ до 11:00",https://sunlight.net/catalog/ring_991929.html,5 500 руб. - 6 000 руб.
2024-06-05,Sunlight,8.8,65912.0,ЦБ ЦЕПИ,7490.0,ХИТ-цена,https://sunlight.net/catalog/chains_105779.html,7 000 руб. - 8 000 руб.
2024-06-05,Sunlight,0.67,5349.0,БК СЕРЬГИ,7984.0,"Цены ниже! Ещё -15%, код: НОЧЬ до 11:00",https://sunlight.net/catalog/earring_236088.html,7 000 руб. - 8 000 руб.
2024-06-05,Sunlight,1.16,8919.0,БК ПОДВЕС ДЕКОР,7689.0,"Цены ниже! Ещё -15%, код: НОЧЬ до 11:00",https://sunlight.net/catalog/pendants_271288.html,7 000 руб. - 8 000 руб.
2024-06-05,Sunlight,1.37,7823.0,БК КОЛЬЦА,5710.0,"Цены ниже! Ещё -20%, код: НОЧЬ до 11:00",https://sunlight.net/catalog/ring_351234.html,5 500 руб. - 6 000 руб.
2024-06-05,Sunlight,2.88,22009.0,БК СЕРЬГИ,7642.0,"Цены ниже! Ещё -15%, код: НОЧЬ до 11:00",https://sunlight.net/catalog/earring_989078.html,7 000 руб. - 8 000 руб.
2024-06-05,Sunlight,0.76,6539.0,БК ПОДВЕС ДЕКОР,8604.0,"Цены ниже! Ещё -15%, код: НОЧЬ до 11:00",https://sunlight.net/catalog/pendants_329418.html,8 000 руб. - 9 000 руб.
2024-06-05,Sunlight,0.77,5594.0,БК ПОДВЕС ДЕКОР,7265.0,"Цены ниже! Ещё -20%, код: НОЧЬ до 11:00",https://sunlight.net/catalog/pendants_991680.html,7 000 руб. - 8 000 руб.
2024-06-05,Sunlight,6.08,43674.0,БК ПОДВЕС КУЛЬТ,7183.0,"Цены ниже! Ещё -20%, код: НОЧЬ до 11:00",https://sunlight.net/catalog/pendants_988795.html,7 000 руб. - 8 000 руб.
2024-06-05,Sunlight,1.85,14274.0,БК СЕРЬГИ,7716.0,"Цены ниже! Ещё -15%, код: НОЧЬ до 11:00",https://sunlight.net/catalog/earring_344010.html,7 000 руб. - 8 000 руб.
2024-06-05,Sunlight,0.3,2374.0,БК СЕРЬГИ,7913.0,"Цены ниже! Ещё -15%, код: НОЧЬ до 11:00",https://sunlight.net/catalog/one_earring_988513.html,7 000 руб. - 8 000 руб.
2024-06-05,Sunlight,0.24,2077.0,БК ПОДВЕС ДЕКОР,8654.0,"Цены ниже! Ещё -15%, код: НОЧЬ до 11:00",https://sunlight.net/catalog/pendants_984631.html,8 000 руб. - 9 000 руб.
2024-06-05,Sunlight,2.11,12489.0,БК СЕРЬГИ,5919.0,"Цены ниже! Ещё -15%, код: НОЧЬ до 11:00",https://sunlight.net/catalog/earring_275533.html,5 500 руб. - 6 000 руб.
2024-06-05,Sunlight,1.87,13632.0,ЦБ ЦЕПИ,7290.0,ХИТ-цена,https://sunlight.net/catalog/chains_82974.html,7 000 руб. - 8 000 руб.
2024-06-05,Sunlight,1.44,11218.0,ЦБ ЦЕПИ,7790.0,ХИТ-цена,https://sunlight.net/catalog/chains_83266.html,7 000 руб. - 8 000 руб.
2024-06-05,Sunlight,3.26,24417.0,ЦБ ЦЕПИ,7490.0,ХИТ-цена,https://sunlight.net/catalog/chains_40218.html,7 000 руб. - 8 000 руб.
2024-06-05,Sunlight,0.74,5594.0,БК ПОДВЕС КУЛЬТ,7559.0,"Цены ниже! Ещё -20%, код: НОЧЬ до 11:00",https://sunlight.net/catalog/pendants_986610.html,7 000 руб. - 8 000 руб.
2024-06-05,Sunlight,2.78,19189.0,БК КОЛЬЦА,6903.0,"Цены ниже! Ещё -15%, код: НОЧЬ до 11:00",https://sunlight.net/catalog/ring_343334.html,6 500 руб. - 7 000 руб.
2024-06-05,Sunlight,3.07,19524.0,БК СЕРЬГИ,6360.0,"Цены ниже! Ещё -10%, код: НОЧЬ до 11:00",https://sunlight.net/catalog/earring_320289.html,6 000 руб. - 6 500 руб.
2024-06-05,Sunlight,3.71,22674.0,БК СЕРЬГИ,6112.0,"Цены ниже! Ещё -10%, код: НОЧЬ до 11:00",https://sunlight.net/catalog/earring_304393.html,6 000 руб. - 6 500 руб.
2024-06-05,Sunlight,1.41,8056.0,БК КОЛЬЦА,5713.0,"Цены ниже! Ещё -15%, код: НОЧЬ до 11:00",https://sunlight.net/catalog/ring_992413.html,5 500 руб. - 6 000 руб.
2024-06-05,Sunlight,5.88,44041.0,ЦБ БРАСЛЕТЫ,7490.0,ХИТ-цена,https://sunlight.net/catalog/bracelets_105636.html,7 000 руб. - 8 000 руб.
2024-06-05,Sunlight,0.78,5052.0,БК СЕРЬГИ,6477.0,"Цены ниже! Ещё -15%, код: НОЧЬ до 11:00",https://sunlight.net/catalog/earring_271425.html,6 000 руб. - 6 500 руб.
2024-06-05,Sunlight,1.18,8394.0,БК ПОДВЕС ДЕКОР,7114.0,"Цены ниже! Ещё -20%, код: НОЧЬ до 11:00",https://sunlight.net/catalog/pendants_988787.html,7 000 руб. - 8 000 руб.
2024-06-05,Sunlight,2.75,17249.0,БК СЕРЬГИ,6272.0,"Цены ниже! Ещё -15%, код: НОЧЬ до 11:00",https://sunlight.net/catalog/earring_336247.html,6 000 руб. - 6 500 руб.
2024-06-05,Sunlight,2.01,14653.0,ЦБ ЦЕПИ,7290.0,ХИТ-цена,https://sunlight.net/catalog/chains_79440.html,7 000 руб. - 8 000 руб.
2024-06-05,Sunlight,4.08,29857.0,БК КОЛЬЦА,7318.0,"Цены ниже! Ещё -15%, код: НОЧЬ до 11:00",https://sunlight.net/catalog/ring_328538.html,7 000 руб. - 8 000 руб.
2024-06-05,Sunlight,1.38,8814.0,БК ПОДВЕС КУЛЬТ,6387.0,"Цены ниже! Ещё -10%, код: НОЧЬ до 11:00",https://sunlight.net/catalog/pendants_277644.html,6 000 руб. - 6 500 руб.
2024-06-05,Sunlight,0.7,5664.0,БК ПОДВЕС ДЕКОР,8091.0,"Цены ниже! Ещё -10%, код: НОЧЬ до 11:00",https://sunlight.net/catalog/pendants_984636.html,8 000 руб. - 9 000 руб.
2024-06-05,Sunlight,2.29,14484.0,БК СЕРЬГИ,6325.0,"Цены ниже! Ещё -10%, код: НОЧЬ до 11:00",https://sunlight.net/catalog/earring_335087.html,6 000 руб. - 6 500 руб.
2024-06-05,Sunlight,6.08,42560.0,БК КОЛЬЦА,7000.0,"Цены ниже! Ещё -20%, код: НОЧЬ до 11:00",https://sunlight.net/catalog/ring_344154.html,6 500 руб. - 7 000 руб.
2024-06-05,Sunlight,4.15,27406.0,БК КОЛЬЦА ОБРУЧ,6604.0,"Цены ниже! Ещё -15%, код: НОЧЬ до 11:00",https://sunlight.net/catalog/ring_984580.html,6 500 руб. - 7 000 руб.
2024-06-05,Sunlight,1.53,8919.0,ЦБ БРАСЛЕТЫ,5829.0,"Цены ниже! Ещё -15%, код: НОЧЬ до 11:00",https://sunlight.net/catalog/bracelets_259678.html,5 500 руб. - 6 000 руб.
2024-06-05,Sunlight,1.57,11299.0,БК СЕРЬГИ,7197.0,"Цены ниже! Ещё -15%, код: НОЧЬ до 11:00",https://sunlight.net/catalog/earring_242309.html,7 000 руб. - 8 000 руб.
2024-06-05,Sunlight,1.02,5846.0,БК КОЛЬЦА,5731.0,"Цены ниже! Ещё -10%, код: НОЧЬ до 11:00",https://sunlight.net/catalog/ring_93165.html,5 500 руб. - 6 000 руб.
2024-06-05,Sunlight,3.32,24867.0,ЦБ БРАСЛЕТЫ,7490.0,ХИТ-цена,https://sunlight.net/catalog/bracelets_51388.html,7 000 руб. - 8 000 руб.
2024-06-05,Sunlight,1.47,8394.0,ЦБ БРАСЛЕТЫ,5710.0,"Цены ниже! Ещё -20%, код: НОЧЬ до 11:00",https://sunlight.net/catalog/bracelets_144818.html,5 500 руб. - 6 000 руб.
2024-06-05,Sunlight,1.22,8954.0,БК ПОДВЕС ДЕКОР,7339.0,"Цены ниже! Ещё -20%, код: НОЧЬ до 11:00",https://sunlight.net/catalog/pendants_271403.html,7 000 руб. - 8 000 руб.
2024-06-05,Sunlight,0.84,6539.0,БК СЕРЬГИ,7785.0,"Цены ниже! Ещё -15%, код: НОЧЬ до 11:00",https://sunlight.net/catalog/earring_242619.html,7 000 руб. - 8 000 руб.
2024-06-05,Sunlight,3.85,23304.0,БК ПОДВЕС ДЕКОР,6053.0,"Цены ниже! Ещё -10%, код: НОЧЬ до 11:00",https://sunlight.net/catalog/pendants_988789.html,6 000 руб. - 6 500 руб.
2024-06-05,Sunlight,0.72,5647.0,БК ПОДВЕС ДЕКОР,7843.0,"Цены ниже! Ещё -15%, код: НОЧЬ до 11:00",https://sunlight.net/catalog/pendants_90589.html,7 000 руб. - 8 000 руб.
2024-06-05,Sunlight,2.08,12594.0,БК СЕРЬГИ,6055.0,"Цены ниже! Ещё -10%, код: НОЧЬ до 11:00",https://sunlight.net/catalog/earring_341060.html,6 000 руб. - 6 500 руб.
2024-06-05,Sunlight,1.64,9514.0,БК СЕРЬГИ,5801.0,"Цены ниже! Ещё -15%, код: НОЧЬ до 11:00",https://sunlight.net/catalog/earring_243982.html,5 500 руб. - 6 000 руб.
2024-06-05,Sunlight,0.36,2682.0,БК СЕРЬГИ,7450.0,"Цены ниже! Ещё -20%, код: НОЧЬ до 11:00",https://sunlight.net/catalog/one_earring_344515.html,7 000 руб. - 8 000 руб.
2024-06-05,Sunlight,0.71,5647.0,БК ПОДВЕС ДЕКОР,7954.0,"Цены ниже! Ещё -15%, код: НОЧЬ до 11:00",https://sunlight.net/catalog/pendants_107047.html,7 000 руб. - 8 000 руб.
2024-06-05,Sunlight,1.31,8499.0,БК ПОДВЕС ДЕКОР,6488.0,"Цены ниже! Ещё -10%, код: НОЧЬ до 11:00",https://sunlight.net/catalog/pendants_329433.html,6 000 руб. - 6 500 руб.
2024-06-05,Sunlight,1.96,11299.0,БК СЕРЬГИ,5765.0,"Цены ниже! Ещё -15%, код: НОЧЬ до 11:00",https://sunlight.net/catalog/earring_267891.html,5 500 руб. - 6 000 руб.
2024-06-05,Sunlight,0.45,3862.0,БК ПОДВЕС ДЕКОР,8582.0,"Цены ниже! Ещё -15%, код: НОЧЬ до 11:00",https://sunlight.net/catalog/pendants_330857.html,8 000 руб. - 9 000 руб.
2024-06-05,Sunlight,0.8,6294.0,БК СЕРЬГИ,7868.0,"Цены ниже! Ещё -10%, код: НОЧЬ до 11:00",https://sunlight.net/catalog/earring_300163.html,7 000 руб. - 8 000 руб.
2024-06-05,Sunlight,2.04,13679.0,БК СЕРЬГИ,6705.0,"Цены ниже! Ещё -15%, код: НОЧЬ до 11:00",https://sunlight.net/catalog/earring_344092.html,6 500 руб. - 7 000 руб.
2024-06-05,Sunlight,5.56,41098.0,БК КОЛЬЦА,7392.0,"Цены ниже! Ещё -20%, код: НОЧЬ до 11:00",https://sunlight.net/catalog/ring_331963.html,7 000 руб. - 8 000 руб.
2024-06-05,Sunlight,2.88,17004.0,БК СЕРЬГИ,5904.0,"Цены ниже! Ещё -10%, код: НОЧЬ до 11:00",https://sunlight.net/catalog/earring_339693.html,5 500 руб. - 6 000 руб.
2024-06-05,Sunlight,0.67,5647.0,БК ПОДВЕС ДЕКОР,8428.0,"Цены ниже! Ещё -15%, код: НОЧЬ до 11:00",https://sunlight.net/catalog/pendants_349273.html,8 000 руб. - 9 000 руб.
2024-06-05,Sunlight,1.51,10109.0,БК СЕРЬГИ,6695.0,"Цены ниже! Ещё -15%, код: НОЧЬ до 11:00",https://sunlight.net/catalog/earring_83094.html,6 500 руб. - 7 000 руб.
2024-06-05,Sunlight,0.68,5093.0,ЦБ БРАСЛЕТЫ,7490.0,ХИТ-цена,https://sunlight.net/catalog/bracelets_84042.html,7 000 руб. - 8 000 руб.
2024-06-05,Sunlight,0.75,5944.0,БК ПОДВЕС КУЛЬТ,7925.0,"Цены ниже! Ещё -15%, код: НОЧЬ до 11:00",https://sunlight.net/catalog/pendants_333725.html,7 000 руб. - 8 000 руб.
2024-06-05,Sunlight,2.12,12594.0,БК СЕРЬГИ,5941.0,"Цены ниже! Ещё -10%, код: НОЧЬ до 11:00",https://sunlight.net/catalog/earring_244082.html,5 500 руб. - 6 000 руб.
2024-06-05,Sunlight,1.38,7884.0,БК КОЛЬЦА,5713.0,"Цены ниже! Ещё -15%, код: НОЧЬ до 11:00",https://sunlight.net/catalog/ring_344026.html,5 500 руб. - 6 000 руб.
2024-06-05,Sunlight,1.48,8954.0,БК СЕРЬГИ,6050.0,"Цены ниже! Ещё -20%, код: НОЧЬ до 11:00",https://sunlight.net/catalog/earring_244059.html,6 000 руб. - 6 500 руб.
2024-06-05,Sunlight,1.05,5936.0,БК КОЛЬЦА,5653.0,"Цены ниже! Ещё -20%, код: НОЧЬ до 11:00",https://sunlight.net/catalog/ring_267549.html,5 500 руб. - 6 000 руб.
2024-06-05,Sunlight,0.75,6242.0,БК ПОДВЕС ДЕКОР,8323.0,"Цены ниже! Ещё -15%, код: НОЧЬ до 11:00",https://sunlight.net/catalog/pendants_284150.html,8 000 руб. - 9 000 руб.
2024-06-05,Sunlight,0.45,3074.0,БК ПОДВЕС КУЛЬТ,6831.0,"Цены ниже! Ещё -20%, код: НОЧЬ до 11:00",https://sunlight.net/catalog/pendants_276738.html,6 500 руб. - 7 000 руб.
2024-06-05,Sunlight,4.29,27822.0,ЦБ БРАСЛЕТЫ,6485.0,"Цены ниже! Ещё -15%, код: НОЧЬ до 11:00",https://sunlight.net/catalog/bracelets_242104.html,6 000 руб. - 6 500 руб.
2024-06-05,Sunlight,2.5,16958.0,БК КОЛЬЦА ОБРУЧ,6783.0,"Цены ниже! Ещё -15%, код: НОЧЬ до 11:00",https://sunlight.net/catalog/ring_984894.html,6 500 руб. - 7 000 руб.
2024-06-05,Sunlight,0.72,4754.0,БК ПОДВЕС КУЛЬТ,6603.0,"Цены ниже! Ещё -15%, код: НОЧЬ до 11:00",https://sunlight.net/catalog/pendants_75764.html,6 500 руб. - 7 000 руб.
2024-06-05,Sunlight,0.33,2682.0,БК СЕРЬГИ,8127.0,"Цены ниже! Ещё -20%, код: НОЧЬ до 11:00",https://sunlight.net/catalog/one_earring_344512.html,8 000 руб. - 9 000 руб.
2024-06-05,Sunlight,3.56,25952.0,ЦБ ЦЕПИ,7290.0,ХИТ-цена,https://sunlight.net/catalog/chains_51293.html,7 000 руб. - 8 000 руб.
2024-06-05,Sunlight,4.18,29218.0,ЦБ БРАСЛЕТЫ,6990.0,ХИТ-цена,https://sunlight.net/catalog/bracelets_89838.html,6 500 руб. - 7 000 руб.
2024-06-05,Sunlight,2.39,17844.0,БК СЕРЬГИ,7466.0,"Цены ниже! Ещё -15%, код: НОЧЬ до 11:00",https://sunlight.net/catalog/earring_988293.html,7 000 руб. - 8 000 руб.
2024-06-05,Sunlight,1.16,8688.0,ЦБ ЦЕПИ,7490.0,ХИТ-цена,https://sunlight.net/catalog/chains_36841.html,7 000 руб. - 8 000 руб.
2024-06-05,Sunlight,2.76,15434.0,БК КОЛЬЦА,5592.0,"Цены ниже! Ещё -15%, код: НОЧЬ до 11:00",https://sunlight.net/catalog/ring_109398.html,5 500 руб. - 6 000 руб.
2024-06-05,Sunlight,1.39,10704.0,БК ПОДВЕС ДЕКОР,7701.0,"Цены ниже! Ещё -15%, код: НОЧЬ до 11:00",https://sunlight.net/catalog/pendants_271286.html,7 000 руб. - 8 000 руб.
2024-06-05,Sunlight,2.23,12928.0,БК КОЛЬЦА,5797.0,"Цены ниже! Ещё -10%, код: НОЧЬ до 11:00",https://sunlight.net/catalog/ring_336259.html,5 500 руб. - 6 000 руб.
2024-06-05,Sunlight,2.35,14484.0,БК СЕРЬГИ,6163.0,"Цены ниже! Ещё -10%, код: НОЧЬ до 11:00",https://sunlight.net/catalog/earring_244114.html,6 000 руб. - 6 500 руб.
2024-06-05,Sunlight,1.74,10945.0,ЦБ БРАСЛЕТЫ,6290.0,ХИТ-цена,https://sunlight.net/catalog/bracelets_105172.html,6 000 руб. - 6 500 руб.
2024-06-05,Sunlight,2.51,18264.0,БК СЕРЬГИ,7276.0,"Цены ниже! Ещё -10%, код: НОЧЬ до 11:00",https://sunlight.net/catalog/earring_300014.html,7 000 руб. - 8 000 руб.
2024-06-05,Sunlight,0.63,5349.0,БК ПОДВЕС ДЕКОР,8490.0,"Цены ниже! Ещё -15%, код: НОЧЬ до 11:00",https://sunlight.net/catalog/pendants_320704.html,8 000 руб. - 9 000 руб.
2024-06-05,Sunlight,1.49,9514.0,БК СЕРЬГИ,6385.0,"Цены ниже! Ещё -15%, код: НОЧЬ до 11:00",https://sunlight.net/catalog/earring_73182.html,6 000 руб. - 6 500 руб.
2024-06-05,Sunlight,2.27,15867.0,ЦБ ЦЕПИ,6990.0,ХИТ-цена,https://sunlight.net/catalog/chains_89685.html,6 500 руб. - 7 000 руб.
2024-06-05,Sunlight,2.49,14484.0,БК СЕРЬГИ,5817.0,"Цены ниже! Ещё -10%, код: НОЧЬ до 11:00",https://sunlight.net/catalog/earring_341057.html,5 500 руб. - 6 000 руб.
2024-06-05,Sunlight,2.13,12594.0,БК СЕРЬГИ,5913.0,"Цены ниже! Ещё -10%, код: НОЧЬ до 11:00",https://sunlight.net/catalog/earring_992007.html,5 500 руб. - 6 000 руб.
2024-06-05,Sunlight,14.48,83839.0,ЦБ ЦЕПИ,5790.0,ХИТ-цена,https://sunlight.net/catalog/chains_985809.html,5 500 руб. - 6 000 руб.
2024-06-05,Sunlight,3.73,24858.0,БК КОЛЬЦА ОБРУЧ,6664.0,"Цены ниже! Ещё -20%, код: НОЧЬ до 11:00",https://sunlight.net/catalog/ring_332306.html,6 500 руб. - 7 000 руб.
2024-06-05,Sunlight,30.51,176653.0,ЦБ ЦЕПИ,5790.0,ХИТ-цена,https://sunlight.net/catalog/chains_153145.html,5 500 руб. - 6 000 руб.
2024-06-05,Sunlight,6.78,49274.0,БК ПОДВЕС ДЕКОР,7268.0,"Цены ниже! Ещё -20%, код: НОЧЬ до 11:00",https://sunlight.net/catalog/pendants_996985.html,7 000 руб. - 8 000 руб.
2024-06-05,Sunlight,2.68,19537.0,ЦБ ЦЕПИ,7290.0,ХИТ-цена,https://sunlight.net/catalog/chains_89641.html,7 000 руб. - 8 000 руб.
2024-06-05,Sunlight,2.11,14749.0,ЦБ БРАСЛЕТЫ,6990.0,ХИТ-цена,https://sunlight.net/catalog/bracelets_323193.html,6 500 руб. - 7 000 руб.
2024-06-05,Sunlight,2.41,19990.0,БК КОЛЬЦА ОБРУЧ,8295.0,ХИТ-цена,https://sunlight.net/catalog/ring_106746.html,8 000 руб. - 9 000 руб.
2024-06-05,Sunlight,2.82,20974.0,БК КОЛЬЦА,7438.0,"Цены ниже! Ещё -15%, код: НОЧЬ до 11:00",https://sunlight.net/catalog/ring_341242.html,7 000 руб. - 8 000 руб.
2024-06-05,Sunlight,3.19,26454.0,БК СЕРЬГИ,8293.0,"Цены ниже! Ещё -10%, код: НОЧЬ до 11:00",https://sunlight.net/catalog/earring_344401.html,8 000 руб. - 9 000 руб.
2024-06-05,Sunlight,3.72,22674.0,БК СЕРЬГИ,6095.0,"Цены ниже! Ещё -10%, код: НОЧЬ до 11:00",https://sunlight.net/catalog/earring_339698.html,6 000 руб. - 6 500 руб.
2024-06-05,Sunlight,1.97,11406.0,ЦБ ЦЕПИ,5790.0,ХИТ-цена,https://sunlight.net/catalog/chains255862.html,5 500 руб. - 6 000 руб.
2024-06-05,Sunlight,5.44,37470.0,ЦБ БРАСЛЕТЫ,6888.0,"Цены ниже! Ещё -20%, код: НОЧЬ до 11:00",https://sunlight.net/catalog/bracelets_338196.html,6 500 руб. - 7 000 руб.
2024-06-05,Sunlight,0.65,5314.0,БК ПОДВЕС ДЕКОР,8175.0,"Цены ниже! Ещё -20%, код: НОЧЬ до 11:00",https://sunlight.net/catalog/pendants_271283.html,8 000 руб. - 9 000 руб.
2024-06-05,Sunlight,4.83,32719.0,БК СЕРЬГИ,6774.0,"Цены ниже! Ещё -15%, код: НОЧЬ до 11:00",https://sunlight.net/catalog/earring_348528.html,6 500 руб. - 7 000 руб.
2024-06-05,Sunlight,1.61,11876.0,БК КОЛЬЦА,7376.0,"Цены ниже! Ещё -15%, код: НОЧЬ до 11:00",https://sunlight.net/catalog/ring_991674.html,7 000 руб. - 8 000 руб.
2024-06-05,Sunlight,0.81,4754.0,БК СЕРЬГИ,5869.0,"Цены ниже! Ещё -15%, код: НОЧЬ до 11:00",https://sunlight.net/catalog/piercing_333552.html,5 500 руб. - 6 000 руб.
2024-06-05,Sunlight,4.31,33594.0,БК СЕРЬГИ,7794.0,"Цены ниже! Ещё -20%, код: НОЧЬ до 11:00",https://sunlight.net/catalog/earring_87571.html,7 000 руб. - 8 000 руб.
2024-06-05,Sunlight,1.99,11535.0,БК КОЛЬЦА,5796.0,"Цены ниже! Ещё -10%, код: НОЧЬ до 11:00",https://sunlight.net/catalog/ring_99345.html,5 500 руб. - 6 000 руб.
2024-06-05,Sunlight,0.97,5944.0,БК ПОДВЕС ДЕКОР,6128.0,"Цены ниже! Ещё -15%, код: НОЧЬ до 11:00",https://sunlight.net/catalog/pendants_348258.html,6 000 руб. - 6 500 руб.
2024-06-05,Sunlight,2.69,16794.0,БК СЕРЬГИ,6243.0,"Цены ниже! Ещё -20%, код: НОЧЬ до 11:00",https://sunlight.net/catalog/earring_243986.html,6 000 руб. - 6 500 руб.
2024-06-05,Sunlight,1.67,10074.0,БК СЕРЬГИ,6032.0,"Цены ниже! Ещё -10%, код: НОЧЬ до 11:00",https://sunlight.net/catalog/earring_992432.html,6 000 руб. - 6 500 руб.
2024-06-05,Sunlight,0.96,5944.0,БК ПОДВЕС ДЕКОР,6192.0,"Цены ниже! Ещё -15%, код: НОЧЬ до 11:00",https://sunlight.net/catalog/pendants_333539.html,6 000 руб. - 6 500 руб.
2024-06-05,Sunlight,2.08,16374.0,БК СЕРЬГИ,7872.0,"Цены ниже! Ещё -10%, код: НОЧЬ до 11:00",https://sunlight.net/catalog/earring_99604.html,7 000 руб. - 8 000 руб.
2024-06-05,Sunlight,3.59,21036.0,БК КОЛЬЦА,5860.0,"Цены ниже! Ещё -10%, код: НОЧЬ до 11:00",https://sunlight.net/catalog/ring_990758.html,5 500 руб. - 6 000 руб.
2024-06-05,Sunlight,1.64,10074.0,БК СЕРЬГИ,6143.0,"Цены ниже! Ещё -10%, код: НОЧЬ до 11:00",https://sunlight.net/catalog/earring_276049.html,6 000 руб. - 6 500 руб.
2024-06-05,Sunlight,2.43,19629.0,БК СЕРЬГИ,8078.0,"Цены ниже! Ещё -15%, код: НОЧЬ до 11:00",https://sunlight.net/catalog/earring_251047.html,8 000 руб. - 9 000 руб.
2024-06-05,Sunlight,0.66,5944.0,БК ПОДВЕС ДЕКОР,9006.0,"Цены ниже! Ещё -15%, код: НОЧЬ до 11:00",https://sunlight.net/catalog/pendants_335863.html,9 000 руб. - 10 000 руб.
2024-06-05,Sunlight,1.06,9444.0,БК СЕРЬГИ,8909.0,"Цены ниже! Ещё -10%, код: НОЧЬ до 11:00",https://sunlight.net/catalog/earring_309142.html,8 000 руб. - 9 000 руб.
2024-06-05,Sunlight,1.05,7432.0,БК СЕРЬГИ,7078.0,"Цены ниже! Ещё -15%, код: НОЧЬ до 11:00",https://sunlight.net/catalog/earring_354297.html,7 000 руб. - 8 000 руб.
2024-06-05,Sunlight,1.22,9514.0,БК ПОДВЕС КУЛЬТ,7798.0,"Цены ниже! Ещё -20%, код: НОЧЬ до 11:00",https://sunlight.net/catalog/pendants_354308.html,7 000 руб. - 8 000 руб.
2024-06-05,Sunlight,1.76,13224.0,БК СЕРЬГИ,7514.0,"Цены ниже! Ещё -10%, код: НОЧЬ до 11:00",https://sunlight.net/catalog/earring_354880.html,7 000 руб. - 8 000 руб.
2024-06-05,Sunlight,2.34,16357.0,ЦБ ЦЕПИ,6990.0,ХИТ-цена,https://sunlight.net/catalog/chains_103898.html,6 500 руб. - 7 000 руб.
2024-06-05,Sunlight,0.69,6837.0,БК СЕРЬГИ,9909.0,"Цены ниже! Ещё -15%, код: НОЧЬ до 11:00",https://sunlight.net/catalog/earring_290545.html,9 000 руб. - 10 000 руб.
2024-06-05,Sunlight,2.78,17004.0,БК СЕРЬГИ,6117.0,"Цены ниже! Ещё -10%, код: НОЧЬ до 11:00",https://sunlight.net/catalog/earring_109466.html,6 000 руб. - 6 500 руб.
2024-06-05,Sunlight,2.86,16505.0,БК КОЛЬЦА,5771.0,"Цены ниже! Ещё -15%, код: НОЧЬ до 11:00",https://sunlight.net/catalog/ring_301759.html,5 500 руб. - 6 000 руб.
2024-06-05,Sunlight,2.79,16374.0,БК СЕРЬГИ,5869.0,"Цены ниже! Ещё -10%, код: НОЧЬ до 11:00",https://sunlight.net/catalog/earring_986273.html,5 500 руб. - 6 000 руб.
2024-06-05,Sunlight,2.3,16077.0,ЦБ ЦЕПИ,6990.0,ХИТ-цена,https://sunlight.net/catalog/chains_60006.html,6 500 руб. - 7 000 руб.
2024-06-05,Sunlight,0.84,6434.0,БК ПОДВЕС ДЕКОР,7660.0,"Цены ниже! Ещё -20%, код: НОЧЬ до 11:00",https://sunlight.net/catalog/pendants_242710.html,7 000 руб. - 8 000 руб.
2024-06-05,Sunlight,1.39,10704.0,БК ПОДВЕС ДЕКОР,7701.0,"Цены ниже! Ещё -15%, код: НОЧЬ до 11:00",https://sunlight.net/catalog/pendants_271513.html,7 000 руб. - 8 000 руб.
2024-06-05,Sunlight,2.31,18439.0,БК СЕРЬГИ,7982.0,"Цены ниже! Ещё -15%, код: НОЧЬ до 11:00",https://sunlight.net/catalog/earring_85216.html,7 000 руб. - 8 000 руб.
2024-06-05,Sunlight,2.45,17126.0,ЦБ ЦЕПИ,6990.0,ХИТ-цена,https://sunlight.net/catalog/chains_89763.html,6 500 руб. - 7 000 руб.
2024-06-05,Sunlight,3.03,22718.0,БК КОЛЬЦА,7498.0,"Цены ниже! Ещё -10%, код: НОЧЬ до 11:00",https://sunlight.net/catalog/ring_356054.html,7 000 руб. - 8 000 руб.
2024-06-05,Sunlight,3.09,22604.0,БК СЕРЬГИ,7315.0,"Цены ниже! Ещё -15%, код: НОЧЬ до 11:00",https://sunlight.net/catalog/earring_984641.html,7 000 руб. - 8 000 руб.
2024-06-05,Sunlight,3.22,21414.0,БК СЕРЬГИ,6650.0,"Цены ниже! Ещё -10%, код: НОЧЬ до 11:00",https://sunlight.net/catalog/earring_343331.html,6 500 руб. - 7 000 руб.
2024-06-05,Sunlight,3.86,22349.0,ЦБ ЦЕПИ,5790.0,ХИТ-цена,https://sunlight.net/catalog/chains_325653.html,5 500 руб. - 6 000 руб.
2024-06-05,Sunlight,0.31,2374.0,БК ПОДВЕС ДЕКОР,7658.0,"Цены ниже! Ещё -15%, код: НОЧЬ до 11:00",https://sunlight.net/catalog/pendants_165581.html,7 000 руб. - 8 000 руб.
2024-06-05,Sunlight,2.78,20784.0,БК СЕРЬГИ,7476.0,"Цены ниже! Ещё -10%, код: НОЧЬ до 11:00",https://sunlight.net/catalog/earring_348596.html,7 000 руб. - 8 000 руб.
2024-06-05,Sunlight,1.35,7869.0,БК ПОДВЕС ДЕКОР,5829.0,"Цены ниже! Ещё -10%, код: НОЧЬ до 11:00",https://sunlight.net/catalog/pendants_260943.html,5 500 руб. - 6 000 руб.
2024-06-05,Sunlight,2.5,15114.0,БК СЕРЬГИ,6046.0,"Цены ниже! Ещё -10%, код: НОЧЬ до 11:00",https://sunlight.net/catalog/earring_328004.html,6 000 руб. - 6 500 руб.
2024-06-05,Sunlight,4.3,33594.0,БК ПОДВЕС ДЕКОР,7813.0,"Цены ниже! Ещё -20%, код: НОЧЬ до 11:00",https://sunlight.net/catalog/pendants_344073.html,7 000 руб. - 8 000 руб.
2024-06-05,Sunlight,1.01,7834.0,БК СЕРЬГИ,7756.0,"Цены ниже! Ещё -20%, код: НОЧЬ до 11:00",https://sunlight.net/catalog/earring_992443.html,7 000 руб. - 8 000 руб.
2024-06-05,Sunlight,2.29,17839.0,ЦБ ЦЕПИ,7790.0,ХИТ-цена,https://sunlight.net/catalog/chains_107721.html,7 000 руб. - 8 000 руб.
2024-06-05,Sunlight,2.46,18425.0,ЦБ ЦЕПИ,7490.0,ХИТ-цена,https://sunlight.net/catalog/chains_338746.html,7 000 руб. - 8 000 руб.
2024-06-05,Sunlight,0.59,4754.0,БК ПОДВЕС ДЕКОР,8058.0,"Цены ниже! Ещё -15%, код: НОЧЬ до 11:00",https://sunlight.net/catalog/pendants_271402.html,8 000 руб. - 9 000 руб.
2024-06-05,Sunlight,4.3,39194.0,БК СЕРЬГИ,9115.0,"Цены ниже! Ещё -20%, код: НОЧЬ до 11:00",https://sunlight.net/catalog/earring_82991.html,9 000 руб. - 10 000 руб.
2024-06-05,Sunlight,5.61,39214.0,ЦБ ЦЕПИ,6990.0,ХИТ-цена,https://sunlight.net/catalog/chains_79444.html,6 500 руб. - 7 000 руб.
2024-06-05,Sunlight,1.94,13965.0,БК КОЛЬЦА,7198.0,"Цены ниже! Ещё -15%, код: НОЧЬ до 11:00",https://sunlight.net/catalog/ring_344021.html,7 000 руб. - 8 000 руб.
2024-06-05,Sunlight,1.49,8954.0,БК СЕРЬГИ,6009.0,"Цены ниже! Ещё -20%, код: НОЧЬ до 11:00",https://sunlight.net/catalog/earring_244066.html,6 000 руб. - 6 500 руб.
2024-06-05,Sunlight,3.33,24942.0,ЦБ ЦЕПИ,7490.0,ХИТ-цена,https://sunlight.net/catalog/chains_74379.html,7 000 руб. - 8 000 руб.
2024-06-05,Sunlight,1.65,9127.0,БК КОЛЬЦА,5532.0,"Цены ниже! Ещё -15%, код: НОЧЬ до 11:00",https://sunlight.net/catalog/ring_341056.html,5 500 руб. - 6 000 руб.
2024-06-05,Sunlight,2.05,18264.0,БК СЕРЬГИ,8909.0,"Цены ниже! Ещё -10%, код: НОЧЬ до 11:00",https://sunlight.net/catalog/earring_99787.html,8 000 руб. - 9 000 руб.
2024-06-05,Sunlight,1.77,14869.0,БК СЕРЬГИ,8401.0,"Цены ниже! Ещё -15%, код: НОЧЬ до 11:00",https://sunlight.net/catalog/earring_90345.html,8 000 руб. - 9 000 руб.
2024-06-05,Sunlight,2.13,14761.0,БК КОЛЬЦА,6930.0,"Цены ниже! Ещё -10%, код: НОЧЬ до 11:00",https://sunlight.net/catalog/ring_251013.html,6 500 руб. - 7 000 руб.
2024-06-05,Sunlight,2.35,14685.0,БК КОЛЬЦА ОБРУЧ,6249.0,"Цены ниже! Ещё -15%, код: НОЧЬ до 11:00",https://sunlight.net/catalog/ring_89607.html,6 000 руб. - 6 500 руб.
2024-06-05,Sunlight,1.1,6294.0,БК СЕРЬГИ,5722.0,"Цены ниже! Ещё -10%, код: НОЧЬ до 11:00",https://sunlight.net/catalog/earring_348052.html,5 500 руб. - 6 000 руб.
2024-06-05,Sunlight,6.42,44876.0,ЦБ ЦЕПИ,6990.0,ХИТ-цена,https://sunlight.net/catalog/chains_74929.html,6 500 руб. - 7 000 руб.
2024-06-05,Sunlight,1.46,8919.0,БК ПОДВЕС ДЕКОР,6109.0,"Цены ниже! Ещё -15%, код: НОЧЬ до 11:00",https://sunlight.net/catalog/pendants_319226.html,6 000 руб. - 6 500 руб.
2024-06-05,Sunlight,1.06,6294.0,БК СЕРЬГИ,5938.0,"Цены ниже! Ещё -10%, код: НОЧЬ до 11:00",https://sunlight.net/catalog/earring_351810.html,5 500 руб. - 6 000 руб.
2024-06-05,Sunlight,1.18,10109.0,БК ПОДВЕС ДЕКОР,8567.0,"Цены ниже! Ещё -15%, код: НОЧЬ до 11:00",https://sunlight.net/catalog/pendants_336243.html,8 000 руб. - 9 000 руб.
2024-06-05,Sunlight,0.48,2969.0,БК СЕРЬГИ,6185.0,"Цены снижены! Ещё -15%, код: СЕГОДНЯ",https://sunlight.net/catalog/one_earring_342043.html,6 000 руб. - 6 500 руб.
2024-06-05,Sunlight,5.85,41644.0,БК СЕРЬГИ,7119.0,"Цены ниже! Ещё -15%, код: НОЧЬ до 11:00",https://sunlight.net/catalog/earring_989041.html,7 000 руб. - 8 000 руб.
2024-06-05,Sunlight,2.02,13293.0,БК СЕРЬГИ,6581.0,"Цены ниже! Ещё -5%, код: НОЧЬ до 11:00",https://sunlight.net/catalog/earring_983706.html,6 500 руб. - 7 000 руб.
2024-06-05,Sunlight,1.68,11407.0,ЦБ БРАСЛЕТЫ,6790.0,ХИТ-цена,https://sunlight.net/catalog/bracelets_75111.html,6 500 руб. - 7 000 руб.
2024-06-05,Sunlight,0.77,4754.0,БК СЕРЬГИ,6174.0,"Цены ниже! Ещё -15%, код: НОЧЬ до 11:00",https://sunlight.net/catalog/earring_244080.html,6 000 руб. - 6 500 руб.
2024-06-05,Sunlight,4.38,25194.0,БК СЕРЬГИ,5752.0,"Цены ниже! Ещё -10%, код: НОЧЬ до 11:00",https://sunlight.net/catalog/earring_991876.html,5 500 руб. - 6 000 руб.
2024-06-05,Sunlight,1.95,13630.0,ЦБ ЦЕПИ,6990.0,ХИТ-цена,https://sunlight.net/catalog/chains_51610.html,6 500 руб. - 7 000 руб.
2024-06-05,Sunlight,0.83,5034.0,БК СЕРЬГИ,6065.0,"Цены ниже! Ещё -10%, код: НОЧЬ до 11:00",https://sunlight.net/catalog/earring_345734.html,6 000 руб. - 6 500 руб.
2024-06-05,Sunlight,1.28,7842.0,БК КОЛЬЦА,6127.0,"Цены снижены! Ещё -15%, код: СЕГОДНЯ",https://sunlight.net/catalog/ring_341062.html,6 000 руб. - 6 500 руб.
2024-06-05,Sunlight,3.26,18040.0,БК КОЛЬЦА,5534.0,"Цены ниже! Ещё -15%, код: НОЧЬ до 11:00",https://sunlight.net/catalog/ring_335082.html,5 500 руб. - 6 000 руб.
2024-06-05,Sunlight,1.81,10704.0,БК СЕРЬГИ,5914.0,"Цены ниже! Ещё -10%, код: НОЧЬ до 11:00",https://sunlight.net/catalog/earring_339688.html,5 500 руб. - 6 000 руб.
2024-06-05,Sunlight,1.92,11334.0,БК СЕРЬГИ,5903.0,"Цены ниже! Ещё -10%, код: НОЧЬ до 11:00",https://sunlight.net/catalog/earring_258321.html,5 500 руб. - 6 000 руб.
2024-06-05,Sunlight,1.44,10066.0,ЦБ ЦЕПИ,6990.0,ХИТ-цена,https://sunlight.net/catalog/chains_59540.html,6 500 руб. - 7 000 руб.
2024-06-05,Sunlight,3.92,23934.0,БК СЕРЬГИ,6106.0,"Цены ниже! Ещё -10%, код: НОЧЬ до 11:00",https://sunlight.net/catalog/earring_59108.html,6 000 руб. - 6 500 руб.
2024-06-05,Sunlight,0.9,5664.0,БК ПОДВЕС ДЕКОР,6293.0,"Цены ниже! Ещё -10%, код: НОЧЬ до 11:00",https://sunlight.net/catalog/pendants_983699.html,6 000 руб. - 6 500 руб.
2024-06-05,Sunlight,2.47,16030.0,ЦБ ЦЕПИ,6490.0,ХИТ-цена,https://sunlight.net/catalog/chains_325223.html,6 000 руб. - 6 500 руб.
2024-06-05,Sunlight,5.89,39603.0,ЦБ БРАСЛЕТЫ,6724.0,"Цены ниже! Ещё -15%, код: НОЧЬ до 11:00",https://sunlight.net/catalog/bracelets_338199.html,6 500 руб. - 7 000 руб.
2024-06-05,Sunlight,1.23,10074.0,БК СЕРЬГИ,8190.0,"Цены ниже! Ещё -10%, код: НОЧЬ до 11:00",https://sunlight.net/catalog/earring_349257.html,8 000 руб. - 9 000 руб.
2024-06-05,Sunlight,3.78,27959.0,БК СЕРЬГИ,7397.0,"Цены ниже! Ещё -15%, код: НОЧЬ до 11:00",https://sunlight.net/catalog/earring_94003.html,7 000 руб. - 8 000 руб.
2024-06-05,Sunlight,2.88,22044.0,БК СЕРЬГИ,7654.0,"Цены ниже! Ещё -10%, код: НОЧЬ до 11:00",https://sunlight.net/catalog/earring_97880.html,7 000 руб. - 8 000 руб.
2024-06-05,Sunlight,3.15,22394.0,БК СЕРЬГИ,7109.0,"Цены ниже! Ещё -20%, код: НОЧЬ до 11:00",https://sunlight.net/catalog/earring_83159.html,7 000 руб. - 8 000 руб.
2024-06-05,Sunlight,0.68,5594.0,БК ПОДВЕС ДЕКОР,8226.0,"Цены ниже! Ещё -20%, код: НОЧЬ до 11:00",https://sunlight.net/catalog/pendants_284280.html,8 000 руб. - 9 000 руб.
2024-06-05,Sunlight,0.79,4754.0,БК СЕРЬГИ,6018.0,"Цены ниже! Ещё -15%, код: НОЧЬ до 11:00",https://sunlight.net/catalog/earring_267534.html,6 000 руб. - 6 500 руб.
2024-06-05,Sunlight,1.49,9514.0,БК СЕРЬГИ,6385.0,"Цены ниже! Ещё -15%, код: НОЧЬ до 11:00",https://sunlight.net/catalog/earring_151766.html,6 000 руб. - 6 500 руб.
2024-06-05,Sunlight,0.72,5594.0,БК ПОДВЕС ДЕКОР,7769.0,"Цены ниже! Ещё -20%, код: НОЧЬ до 11:00",https://sunlight.net/catalog/pendants_271483.html,7 000 руб. - 8 000 руб.
2024-06-05,Sunlight,2.68,18733.0,ЦБ ЦЕПИ,6990.0,ХИТ-цена,https://sunlight.net/catalog/chains_103640.html,6 500 руб. - 7 000 руб.
2024-06-05,Sunlight,2.01,11894.0,БК СЕРЬГИ,5917.0,"Цены ниже! Ещё -15%, код: НОЧЬ до 11:00",https://sunlight.net/catalog/earring_258364.html,5 500 руб. - 6 000 руб.
2024-06-05,Sunlight,1.54,8637.0,БК КОЛЬЦА,5608.0,"Цены ниже! Ещё -10%, код: НОЧЬ до 11:00",https://sunlight.net/catalog/ring_997092.html,5 500 руб. - 6 000 руб.
2024-06-05,Sunlight,0.99,7432.0,БК СЕРЬГИ,7507.0,"Цены ниже! Ещё -15%, код: НОЧЬ до 11:00",https://sunlight.net/catalog/earring_166981.html,7 000 руб. - 8 000 руб.
2024-06-05,Sunlight,0.87,7432.0,БК СЕРЬГИ,8543.0,"Цены ниже! Ещё -15%, код: НОЧЬ до 11:00",https://sunlight.net/catalog/earring_328171.html,8 000 руб. - 9 000 руб.
2024-06-05,Sunlight,3.46,23199.0,БК СЕРЬГИ,6705.0,"Цены ниже! Ещё -15%, код: НОЧЬ до 11:00",https://sunlight.net/catalog/earring_351948.html,6 500 руб. - 7 000 руб.
2024-06-05,Sunlight,2.21,12669.0,БК КОЛЬЦА,5733.0,"Цены ниже! Ещё -10%, код: НОЧЬ до 11:00",https://sunlight.net/catalog/ring_343332.html,5 500 руб. - 6 000 руб.
2024-06-05,Sunlight,2.23,13854.0,БК СЕРЬГИ,6213.0,"Цены ниже! Ещё -10%, код: НОЧЬ до 11:00",https://sunlight.net/catalog/earring_339690.html,6 000 руб. - 6 500 руб.
2024-06-05,Sunlight,6.4,44736.0,ЦБ ЦЕПИ,6990.0,ХИТ-цена,https://sunlight.net/catalog/chains_45303.html,6 500 руб. - 7 000 руб.
2024-06-05,Sunlight,3.63,28344.0,БК СЕРЬГИ,7808.0,"Цены ниже! Ещё -10%, код: НОЧЬ до 11:00",https://sunlight.net/catalog/earring_341247.html,7 000 руб. - 8 000 руб.
2024-06-05,Sunlight,0.48,3267.0,БК ПОДВЕС ДЕКОР,6806.0,"Цены ниже! Ещё -15%, код: НОЧЬ до 11:00",https://sunlight.net/catalog/pendants_335044.html,6 500 руб. - 7 000 руб.
2024-06-05,Sunlight,1.44,8253.0,БК КОЛЬЦА,5731.0,"Цены ниже! Ещё -10%, код: НОЧЬ до 11:00",https://sunlight.net/catalog/ring_992407.html,5 500 руб. - 6 000 руб.
2024-06-05,Sunlight,1.69,11813.0,ЦБ БРАСЛЕТЫ,6990.0,ХИТ-цена,https://sunlight.net/catalog/bracelets_48282.html,6 500 руб. - 7 000 руб.
2024-06-05,Sunlight,3.1,18894.0,БК СЕРЬГИ,6095.0,"Цены ниже! Ещё -10%, код: НОЧЬ до 11:00",https://sunlight.net/catalog/earring_349014.html,6 000 руб. - 6 500 руб.
2024-06-05,Sunlight,3.45,20784.0,БК СЕРЬГИ,6024.0,"Цены ниже! Ещё -10%, код: НОЧЬ до 11:00",https://sunlight.net/catalog/earring_983711.html,6 000 руб. - 6 500 руб.
2024-06-05,Sunlight,0.86,5664.0,БК ПОДВЕС ДЕКОР,6586.0,"Цены ниже! Ещё -10%, код: НОЧЬ до 11:00",https://sunlight.net/catalog/pendants_991682.html,6 500 руб. - 7 000 руб.
2024-06-05,Sunlight,2.94,18264.0,БК СЕРЬГИ,6212.0,"Цены ниже! Ещё -10%, код: НОЧЬ до 11:00",https://sunlight.net/catalog/earring_992402.html,6 000 руб. - 6 500 руб.
2024-06-05,Sunlight,0.66,3862.0,БК СЕРЬГИ,5852.0,"Цены ниже! Ещё -15%, код: НОЧЬ до 11:00",https://sunlight.net/catalog/earring_345969.html,5 500 руб. - 6 000 руб.
2024-06-05,Sunlight,2.64,17926.0,ЦБ БРАСЛЕТЫ,6790.0,ХИТ-цена,https://sunlight.net/catalog/bracelets_172296.html,6 500 руб. - 7 000 руб.
2024-06-05,Sunlight,2.61,15464.0,БК СЕРЬГИ,5925.0,"Цены ниже! Ещё -15%, код: НОЧЬ до 11:00",https://sunlight.net/catalog/earring_250755.html,5 500 руб. - 6 000 руб.
2024-06-05,Sunlight,3.35,25092.0,ЦБ ЦЕПИ,7490.0,ХИТ-цена,https://sunlight.net/catalog/chains_82975.html,7 000 руб. - 8 000 руб.
2024-06-05,Sunlight,6.46,40454.0,БК ПОДВЕС КУЛЬТ,6262.0,"Цены ниже! Ещё -15%, код: НОЧЬ до 11:00",https://sunlight.net/catalog/pendants_988793.html,6 000 руб. - 6 500 руб.
2024-06-05,Sunlight,1.88,14869.0,БК СЕРЬГИ,7909.0,"Цены ниже! Ещё -15%, код: НОЧЬ до 11:00",https://sunlight.net/catalog/earring_238371.html,7 000 руб. - 8 000 руб.
2024-06-05,Sunlight,1.53,10650.0,БК КОЛЬЦА,6961.0,"Цены ниже! Ещё -15%, код: НОЧЬ до 11:00",https://sunlight.net/catalog/ring_344091.html,6 500 руб. - 7 000 руб.
2024-06-05,Sunlight,2.55,15744.0,БК СЕРЬГИ,6174.0,"Цены ниже! Ещё -10%, код: НОЧЬ до 11:00",https://sunlight.net/catalog/earring_336260.html,6 000 руб. - 6 500 руб.
2024-06-05,Sunlight,8.71,54734.0,БК ПОДВЕС ДЕКОР,6284.0,"Цены ниже! Ещё -15%, код: НОЧЬ до 11:00",https://sunlight.net/catalog/pendants_996987.html,6 000 руб. - 6 500 руб.
2024-06-05,Sunlight,4.16,28246.0,ЦБ ЦЕПИ,6790.0,ХИТ-цена,https://sunlight.net/catalog/chains_289345.html,6 500 руб. - 7 000 руб.
2024-06-05,Sunlight,6.3,41234.0,ЦБ БРАСЛЕТЫ,6545.0,"Цены ниже! Ещё -15%, код: НОЧЬ до 11:00",https://sunlight.net/catalog/bracelets_339725.html,6 500 руб. - 7 000 руб.
2024-06-05,Sunlight,1.24,9514.0,БК СЕРЬГИ,7673.0,"Цены ниже! Ещё -15%, код: НОЧЬ до 11:00",https://sunlight.net/catalog/earring_341509.html,7 000 руб. - 8 000 руб.
2024-06-05,Sunlight,4.48,31315.0,ЦБ ЦЕПИ,6990.0,ХИТ-цена,https://sunlight.net/catalog/chains_104196.html,6 500 руб. - 7 000 руб.
2024-06-05,Sunlight,1.17,8814.0,БК ПОДВЕС ДЕКОР,7533.0,"Цены ниже! Ещё -10%, код: НОЧЬ до 11:00",https://sunlight.net/catalog/pendants_271329.html,7 000 руб. - 8 000 руб.
2024-06-05,Sunlight,1.78,11194.0,БК СЕРЬГИ,6289.0,"Цены ниже! Ещё -20%, код: НОЧЬ до 11:00",https://sunlight.net/catalog/earring_244039.html,6 000 руб. - 6 500 руб.
2024-06-05,Sunlight,0.33,2794.0,БК ПОДВЕС ДЕКОР,8467.0,"Цены ниже! Ещё -20%, код: НОЧЬ до 11:00",https://sunlight.net/catalog/pendants_156901.html,8 000 руб. - 9 000 руб.
2024-06-05,Sunlight,2.11,14749.0,ЦБ ЦЕПИ,6990.0,ХИТ-цена,https://sunlight.net/catalog/chains_324802.html,6 500 руб. - 7 000 руб.
2024-06-05,Sunlight,1.56,9040.0,БК КОЛЬЦА,5795.0,"Цены ниже! Ещё -10%, код: НОЧЬ до 11:00",https://sunlight.net/catalog/ring_992415.html,5 500 руб. - 6 000 руб.
2024-06-05,Sunlight,7.87,51076.0,ЦБ ЦЕПИ,6490.0,ХИТ-цена,https://sunlight.net/catalog/chains_188705.html,6 000 руб. - 6 500 руб.
2024-06-05,Sunlight,5.36,40146.0,ЦБ ЦЕПИ,7490.0,ХИТ-цена,https://sunlight.net/catalog/chains_329367.html,7 000 руб. - 8 000 руб.
2024-06-05,Sunlight,1.38,8499.0,БК СЕРЬГИ,6159.0,"Цены ниже! Ещё -10%, код: НОЧЬ до 11:00",https://sunlight.net/catalog/earring_235023.html,6 000 руб. - 6 500 руб.
2024-06-05,Sunlight,0.46,3862.0,БК ПОДВЕС ДЕКОР,8396.0,"Цены ниже! Ещё -15%, код: НОЧЬ до 11:00",https://sunlight.net/catalog/pendants_984635.html,8 000 руб. - 9 000 руб.
2024-06-05,Sunlight,6.57,45914.0,БК СЕРЬГИ,6988.0,"Цены ниже! Ещё -20%, код: НОЧЬ до 11:00",https://sunlight.net/catalog/earring_301762.html,6 500 руб. - 7 000 руб.
2024-06-05,Sunlight,0.72,4754.0,БК ПОДВЕС КУЛЬТ,6603.0,"Цены ниже! Ещё -15%, код: НОЧЬ до 11:00",https://sunlight.net/catalog/pendants_352098.html,6 500 руб. - 7 000 руб.
2024-06-05,Sunlight,3.21,23401.0,ЦБ ЦЕПИ,7290.0,ХИТ-цена,https://sunlight.net/catalog/chains_74092.html,7 000 руб. - 8 000 руб.
2024-06-05,Sunlight,1.32,9514.0,БК СЕРЬГИ,7208.0,"Цены ниже! Ещё -15%, код: НОЧЬ до 11:00",https://sunlight.net/catalog/earring_983705.html,7 000 руб. - 8 000 руб.
2024-06-05,Sunlight,1.14,8919.0,БК СЕРЬГИ,7824.0,"Цены ниже! Ещё -15%, код: НОЧЬ до 11:00",https://sunlight.net/catalog/earring_267012.html,7 000 руб. - 8 000 руб.
2024-06-05,Sunlight,0.81,5872.0,БК КОЛЬЦА,7249.0,"Цены ниже! Ещё -10%, код: НОЧЬ до 11:00",https://sunlight.net/catalog/ring_354499.html,7 000 руб. - 8 000 руб.
2024-06-05,Sunlight,0.93,7274.0,БК СЕРЬГИ,7822.0,"Цены ниже! Ещё -20%, код: НОЧЬ до 11:00",https://sunlight.net/catalog/earring_254872.html,7 000 руб. - 8 000 руб.
2024-06-05,Sunlight,2.98,17249.0,БК СЕРЬГИ,5788.0,"Цены ниже! Ещё -15%, код: НОЧЬ до 11:00",https://sunlight.net/catalog/earring_983714.html,5 500 руб. - 6 000 руб.
2024-06-05,Sunlight,2.27,16548.0,ЦБ ЦЕПИ,7290.0,ХИТ-цена,https://sunlight.net/catalog/chains_82841.html,7 000 руб. - 8 000 руб.
2024-06-05,Sunlight,2.3,14506.0,БК КОЛЬЦА ОБРУЧ,6307.0,"Цены ниже! Ещё -15%, код: НОЧЬ до 11:00",https://sunlight.net/catalog/ring_339566.html,6 000 руб. - 6 500 руб.
2024-06-05,Sunlight,1.43,10704.0,БК СЕРЬГИ,7485.0,"Цены ниже! Ещё -15%, код: НОЧЬ до 11:00",https://sunlight.net/catalog/earring_254873.html,7 000 руб. - 8 000 руб.
2024-06-05,Sunlight,0.8,4719.0,БК СЕРЬГИ,5899.0,"Цены ниже! Ещё -10%, код: НОЧЬ до 11:00",https://sunlight.net/catalog/earring_983715.html,5 500 руб. - 6 000 руб.
2024-06-05,Sunlight,5.61,44094.0,БК СЕРЬГИ,7860.0,"Цены ниже! Ещё -10%, код: НОЧЬ до 11:00",https://sunlight.net/catalog/earring_349022.html,7 000 руб. - 8 000 руб.
2024-06-05,Sunlight,2.96,22378.0,БК КОЛЬЦА,7560.0,"Цены ниже! Ещё -10%, код: НОЧЬ до 11:00",https://sunlight.net/catalog/ring_356056.html,7 000 руб. - 8 000 руб.
2024-06-05,Sunlight,0.73,4754.0,БК ПОДВЕС ДЕКОР,6512.0,"Цены ниже! Ещё -20%, код: НОЧЬ до 11:00",https://sunlight.net/catalog/pendants_341076.html,6 500 руб. - 7 000 руб.
2024-06-05,Sunlight,4.67,36534.0,БК СЕРЬГИ,7823.0,"Цены ниже! Ещё -10%, код: НОЧЬ до 11:00",https://sunlight.net/catalog/earring_989040.html,7 000 руб. - 8 000 руб.
2024-06-05,Sunlight,3.15,19180.0,БК КОЛЬЦА,6089.0,"Цены ниже! Ещё -5%, код: НОЧЬ до 11:00",https://sunlight.net/catalog/ring_353387.html,6 000 руб. - 6 500 руб.
2024-06-05,Sunlight,2.29,15803.0,БК КОЛЬЦА ОБРУЧ,6901.0,"Цены ниже! Ещё -15%, код: НОЧЬ до 11:00",https://sunlight.net/catalog/ring_984892.html,6 500 руб. - 7 000 руб.
2024-06-05,Sunlight,1.99,15464.0,БК СЕРЬГИ,7771.0,"Цены ниже! Ещё -15%, код: НОЧЬ до 11:00",https://sunlight.net/catalog/earring_307471.html,7 000 руб. - 8 000 руб.
2024-06-05,Sunlight,1.15,8324.0,БК ПОДВЕС ДЕКОР,7238.0,"Цены ниже! Ещё -15%, код: НОЧЬ до 11:00",https://sunlight.net/catalog/pendants_271346.html,7 000 руб. - 8 000 руб.
2024-06-05,Sunlight,3.33,24942.0,ЦБ ЦЕПИ,7490.0,ХИТ-цена,https://sunlight.net/catalog/chains_79439.html,7 000 руб. - 8 000 руб.
2024-06-05,Sunlight,9.55,61980.0,ЦБ ЦЕПИ,6490.0,ХИТ-цена,https://sunlight.net/catalog/chains_82794.html,6 000 руб. - 6 500 руб.
2024-06-05,Sunlight,2.0,13608.0,БК КОЛЬЦА ОБРУЧ,6804.0,"Цены ниже! Ещё -10%, код: НОЧЬ до 11:00",https://sunlight.net/catalog/ring_290875.html,6 500 руб. - 7 000 руб.
2024-06-05,Sunlight,2.01,15464.0,БК СЕРЬГИ,7694.0,"Цены ниже! Ещё -15%, код: НОЧЬ до 11:00",https://sunlight.net/catalog/earring_349858.html,7 000 руб. - 8 000 руб.
2024-06-05,Sunlight,1.14,8324.0,БК ПОДВЕС ДЕКОР,7302.0,"Цены ниже! Ещё -15%, код: НОЧЬ до 11:00",https://sunlight.net/catalog/pendants_271285.html,7 000 руб. - 8 000 руб.
2024-06-05,Sunlight,0.74,4719.0,БК СЕРЬГИ,6377.0,"Цены ниже! Ещё -10%, код: НОЧЬ до 11:00",https://sunlight.net/catalog/earring_290552.html,6 000 руб. - 6 500 руб.
2024-06-05,Sunlight,2.55,21370.0,БК КОЛЬЦА,8380.0,"Цены ниже! Ещё -10%, код: НОЧЬ до 11:00",https://sunlight.net/catalog/ring_346489.html,8 000 руб. - 9 000 руб.
2024-06-05,Sunlight,1.53,10074.0,БК ПОДВЕС ДЕКОР,6584.0,"Цены ниже! Ещё -10%, код: НОЧЬ до 11:00",https://sunlight.net/catalog/pendants_986590.html,6 500 руб. - 7 000 руб.
2024-06-05,Sunlight,0.88,5349.0,БК СЕРЬГИ,6078.0,"Цены ниже! Ещё -15%, код: НОЧЬ до 11:00",https://sunlight.net/catalog/earring_988294.html,6 000 руб. - 6 500 руб.
2024-06-05,Sunlight,1.24,7869.0,БК ПОДВЕС ДЕКОР,6346.0,"Цены ниже! Ещё -10%, код: НОЧЬ до 11:00",https://sunlight.net/catalog/pendants_991954.html,6 000 руб. - 6 500 руб.
2024-06-05,Sunlight,1.81,13084.0,БК СЕРЬГИ,7229.0,"Цены ниже! Ещё -15%, код: НОЧЬ до 11:00",https://sunlight.net/catalog/earring_349862.html,7 000 руб. - 8 000 руб.
2024-06-05,Sunlight,1.46,11299.0,БК СЕРЬГИ,7739.0,"Цены ниже! Ещё -15%, код: НОЧЬ до 11:00",https://sunlight.net/catalog/earring_349855.html,7 000 руб. - 8 000 руб.
2024-06-05,Sunlight,0.7,5647.0,БК СЕРЬГИ,8067.0,"Цены ниже! Ещё -15%, код: НОЧЬ до 11:00",https://sunlight.net/catalog/earring_354501.html,8 000 руб. - 9 000 руб.
2024-06-05,Sunlight,2.96,18894.0,БК ПОДВЕС ДЕКОР,6383.0,"Цены ниже! Ещё -10%, код: НОЧЬ до 11:00",https://sunlight.net/catalog/pendants_992361.html,6 000 руб. - 6 500 руб.
2024-06-05,Sunlight,6.09,42569.0,ЦБ ЦЕПИ,6990.0,ХИТ-цена,https://sunlight.net/catalog/chains_46817.html,6 500 руб. - 7 000 руб.
2024-06-05,Sunlight,1.16,8919.0,БК ПОДВЕС ДЕКОР,7689.0,"Цены ниже! Ещё -15%, код: НОЧЬ до 11:00",https://sunlight.net/catalog/pendants_271328.html,7 000 руб. - 8 000 руб.
2024-06-05,Sunlight,2.07,15149.0,БК КОЛЬЦА,7318.0,"Цены ниже! Ещё -15%, код: НОЧЬ до 11:00",https://sunlight.net/catalog/ring_329511.html,7 000 руб. - 8 000 руб.
2024-06-05,Sunlight,2.49,15114.0,БК СЕРЬГИ,6070.0,"Цены ниже! Ещё -10%, код: НОЧЬ до 11:00",https://sunlight.net/catalog/earring_329691.html,6 000 руб. - 6 500 руб.
2024-06-05,Sunlight,10.67,63935.0,ЦБ БРАСЛЕТЫ,5992.0,"Цены ниже! Ещё -20%, код: НОЧЬ до 11:00",https://sunlight.net/catalog/bracelets_343467.html,5 500 руб. - 6 000 руб.
2024-06-05,Sunlight,24.86,148911.0,ЦБ ЦЕПИ,5990.0,ХИТ-цена,https://sunlight.net/catalog/chains_51287.html,5 500 руб. - 6 000 руб.
2024-06-05,Sunlight,23.29,139507.0,ЦБ ЦЕПИ,5990.0,ХИТ-цена,https://sunlight.net/catalog/chains_151972.html,5 500 руб. - 6 000 руб.
2024-06-05,Sunlight,1.84,14869.0,БК СЕРЬГИ,8081.0,"Цены ниже! Ещё -15%, код: НОЧЬ до 11:00",https://sunlight.net/catalog/earring_276965.html,8 000 руб. - 9 000 руб.
2024-06-05,Sunlight,0.88,6837.0,БК ПОДВЕС ДЕКОР,7769.0,"Цены ниже! Ещё -15%, код: НОЧЬ до 11:00",https://sunlight.net/catalog/pendants_318256.html,7 000 руб. - 8 000 руб.
2024-06-05,Sunlight,5.01,35034.0,БК КОЛЬЦА,6993.0,"Цены ниже! Ещё -10%, код: НОЧЬ до 11:00",https://sunlight.net/catalog/ring_331964.html,6 500 руб. - 7 000 руб.
2024-06-05,Sunlight,1.37,9793.0,БК СЕРЬГИ,7148.0,нет скидочного купона,https://sunlight.net/catalog/earring_243970.html,7 000 руб. - 8 000 руб.
2024-06-05,Sunlight,2.98,19034.0,БК ПОДВЕС ДЕКОР,6387.0,"Цены ниже! Ещё -15%, код: НОЧЬ до 11:00",https://sunlight.net/catalog/pendants_992364.html,6 000 руб. - 6 500 руб.
2024-06-05,Sunlight,7.85,50994.0,ЦБ БРАСЛЕТЫ,6496.0,"Цены ниже! Ещё -20%, код: НОЧЬ до 11:00",https://sunlight.net/catalog/bracelets_91890.html,6 000 руб. - 6 500 руб.
2024-06-05,Sunlight,1.76,11519.0,БК КОЛЬЦА ОБРУЧ,6545.0,"Цены ниже! Ещё -15%, код: НОЧЬ до 11:00",https://sunlight.net/catalog/ring_35935.html,6 500 руб. - 7 000 руб.
2024-06-05,Sunlight,1.08,8027.0,БК СЕРЬГИ,7432.0,"Цены ниже! Ещё -15%, код: НОЧЬ до 11:00",https://sunlight.net/catalog/earring_97782.html,7 000 руб. - 8 000 руб.
2024-06-05,Sunlight,1.67,11126.0,БК КОЛЬЦА ОБРУЧ,6662.0,"Цены ниже! Ещё -15%, код: НОЧЬ до 11:00",https://sunlight.net/catalog/ring_984573.html,6 500 руб. - 7 000 руб.
2024-06-05,Sunlight,3.53,25301.0,БК КОЛЬЦА,7167.0,"Цены ниже! Ещё -20%, код: НОЧЬ до 11:00",https://sunlight.net/catalog/ring_343228.html,7 000 руб. - 8 000 руб.
2024-06-05,Sunlight,3.25,21414.0,БК СЕРЬГИ,6589.0,"Цены ниже! Ещё -10%, код: НОЧЬ до 11:00",https://sunlight.net/catalog/earring_356055.html,6 500 руб. - 7 000 руб.
2024-06-05,Sunlight,1.39,8622.0,БК СЕРЬГИ,6203.0,"Цены ниже! Ещё -15%, код: НОЧЬ до 11:00",https://sunlight.net/catalog/earring_244017.html,6 000 руб. - 6 500 руб.
2024-06-05,Sunlight,2.79,16374.0,БК СЕРЬГИ,5869.0,"Цены ниже! Ещё -10%, код: НОЧЬ до 11:00",https://sunlight.net/catalog/earring_331693.html,5 500 руб. - 6 000 руб.
2024-06-05,Sunlight,1.9,13994.0,БК СЕРЬГИ,7365.0,"Цены ниже! Ещё -20%, код: НОЧЬ до 11:00",https://sunlight.net/catalog/earring_276048.html,7 000 руб. - 8 000 руб.
2024-06-05,Sunlight,3.34,24349.0,ЦБ БРАСЛЕТЫ,7290.0,ХИТ-цена,https://sunlight.net/catalog/bracelets_89659.html,7 000 руб. - 8 000 руб.
2024-06-05,Sunlight,4.32,30934.0,БК СЕРЬГИ,7161.0,"Цены ниже! Ещё -15%, код: НОЧЬ до 11:00",https://sunlight.net/catalog/earring_344388.html,7 000 руб. - 8 000 руб.
2024-06-05,Sunlight,2.35,14484.0,БК СЕРЬГИ,6163.0,"Цены ниже! Ещё -10%, код: НОЧЬ до 11:00",https://sunlight.net/catalog/earring_984640.html,6 000 руб. - 6 500 руб.
2024-06-05,Sunlight,0.7,4089.0,БК СЕРЬГИ,5841.0,"Цены ниже! Ещё -10%, код: НОЧЬ до 11:00",https://sunlight.net/catalog/earring_187580.html,5 500 руб. - 6 000 руб.
2024-06-05,Sunlight,5.12,37794.0,БК СЕРЬГИ,7382.0,"Цены ниже! Ещё -10%, код: НОЧЬ до 11:00",https://sunlight.net/catalog/earring_993646.html,7 000 руб. - 8 000 руб.
2024-06-05,Sunlight,0.62,4754.0,БК ПОДВЕС ДЕКОР,7668.0,"Цены ниже! Ещё -20%, код: НОЧЬ до 11:00",https://sunlight.net/catalog/pendants_271322.html,7 000 руб. - 8 000 руб.
2024-06-05,Sunlight,3.45,24343.0,БК КОЛЬЦА,7056.0,"Цены ниже! Ещё -10%, код: НОЧЬ до 11:00",https://sunlight.net/catalog/ring_344387.html,7 000 руб. - 8 000 руб.
2024-06-05,Sunlight,3.39,23304.0,БК СЕРЬГИ,6874.0,"Цены ниже! Ещё -10%, код: НОЧЬ до 11:00",https://sunlight.net/catalog/earring_992449.html,6 500 руб. - 7 000 руб.
2024-06-05,Sunlight,2.68,21414.0,БК СЕРЬГИ,7990.0,"Цены ниже! Ещё -10%, код: НОЧЬ до 11:00",https://sunlight.net/catalog/earring_355516.html,7 000 руб. - 8 000 руб.
2024-06-05,Sunlight,3.03,22674.0,БК СЕРЬГИ,7483.0,"Цены ниже! Ещё -10%, код: НОЧЬ до 11:00",https://sunlight.net/catalog/earring_984002.html,7 000 руб. - 8 000 руб.
2024-06-05,Sunlight,3.21,19034.0,БК СЕРЬГИ,5930.0,"Цены ниже! Ещё -15%, код: НОЧЬ до 11:00",https://sunlight.net/catalog/earring_244069.html,5 500 руб. - 6 000 руб.
2024-06-05,Sunlight,2.62,19016.0,БК КОЛЬЦА,7258.0,"Цены ниже! Ещё -15%, код: НОЧЬ до 11:00",https://sunlight.net/catalog/ring_983993.html,7 000 руб. - 8 000 руб.
2024-06-05,Sunlight,3.38,25316.0,ЦБ ЦЕПИ,7490.0,ХИТ-цена,https://sunlight.net/catalog/chains_228235.html,7 000 руб. - 8 000 руб.
2024-06-05,Sunlight,0.77,6294.0,БК ПОДВЕС ДЕКОР,8174.0,"Цены ниже! Ещё -10%, код: НОЧЬ до 11:00",https://sunlight.net/catalog/pendants_341064.html,8 000 руб. - 9 000 руб.
2024-06-05,Sunlight,0.58,5349.0,БК ПОДВЕС ДЕКОР,9222.0,"Цены ниже! Ещё -15%, код: НОЧЬ до 11:00",https://sunlight.net/catalog/pendants_279397.html,9 000 руб. - 10 000 руб.
2024-06-05,Sunlight,3.34,25579.0,БК СЕРЬГИ,7658.0,"Цены ниже! Ещё -15%, код: НОЧЬ до 11:00",https://sunlight.net/catalog/earring_267021.html,7 000 руб. - 8 000 руб.
2024-06-05,Sunlight,4.38,34644.0,БК СЕРЬГИ,7910.0,"Цены ниже! Ещё -10%, код: НОЧЬ до 11:00",https://sunlight.net/catalog/earring_989032.html,7 000 руб. - 8 000 руб.
2024-06-05,Sunlight,1.54,10074.0,БК ПОДВЕС ДЕКОР,6542.0,"Цены ниже! Ещё -10%, код: НОЧЬ до 11:00",https://sunlight.net/catalog/pendants_997336.html,6 500 руб. - 7 000 руб.
2024-06-05,Sunlight,2.5,15464.0,БК СЕРЬГИ,6186.0,"Цены ниже! Ещё -15%, код: НОЧЬ до 11:00",https://sunlight.net/catalog/earring_167133.html,6 000 руб. - 6 500 руб.
2024-06-05,Sunlight,16.88,104487.0,ЦБ ЦЕПИ,6190.0,ХИТ-цена,https://sunlight.net/catalog/chains_82722.html,6 000 руб. - 6 500 руб.
2024-06-05,Sunlight,2.94,21433.0,ЦБ ЦЕПИ,7290.0,ХИТ-цена,https://sunlight.net/catalog/chains_311699.html,7 000 руб. - 8 000 руб.
2024-06-05,Sunlight,7.58,52984.0,ЦБ ЦЕПИ,6990.0,ХИТ-цена,https://sunlight.net/catalog/chains_311700.html,6 500 руб. - 7 000 руб.
2024-06-05,Sunlight,6.21,41384.0,ЦБ БРАСЛЕТЫ,6664.0,"Цены ниже! Ещё -20%, код: НОЧЬ до 11:00",https://sunlight.net/catalog/bracelets_351758.html,6 500 руб. - 7 000 руб.
2024-06-05,Sunlight,1.81,12997.0,БК КОЛЬЦА,7181.0,"Цены ниже! Ещё -10%, код: НОЧЬ до 11:00",https://sunlight.net/catalog/ring_328005.html,7 000 руб. - 8 000 руб.
2024-06-05,Sunlight,1.34,8499.0,БК ПОДВЕС ДЕКОР,6343.0,"Цены ниже! Ещё -10%, код: НОЧЬ до 11:00",https://sunlight.net/catalog/pendants_336268.html,6 000 руб. - 6 500 руб.
2024-06-05,Sunlight,2.97,24389.0,БК СЕРЬГИ,8212.0,"Цены ниже! Ещё -15%, код: НОЧЬ до 11:00",https://sunlight.net/catalog/earring_348589.html,8 000 руб. - 9 000 руб.
2024-06-05,Sunlight,4.52,36884.0,БК СЕРЬГИ,8160.0,"Цены ниже! Ещё -15%, код: НОЧЬ до 11:00",https://sunlight.net/catalog/earring_354842.html,8 000 руб. - 9 000 руб.
2024-06-05,Sunlight,1.31,7554.0,БК СЕРЬГИ,5766.0,"Цены ниже! Ещё -10%, код: НОЧЬ до 11:00",https://sunlight.net/catalog/piercing_341512.html,5 500 руб. - 6 000 руб.
2024-06-05,Sunlight,2.84,19594.0,БК ПОДВЕС ДЕКОР,6899.0,"Цены ниже! Ещё -20%, код: НОЧЬ до 11:00",https://sunlight.net/catalog/pendants_996981.html,6 500 руб. - 7 000 руб.
2024-06-05,Sunlight,1.16,8954.0,БК ПОДВЕС ДЕКОР,7719.0,"Цены ниже! Ещё -20%, код: НОЧЬ до 11:00",https://sunlight.net/catalog/pendants_92828.html,7 000 руб. - 8 000 руб.
2024-06-05,Sunlight,3.04,22674.0,БК ПОДВЕС ДЕКОР,7459.0,"Цены ниже! Ещё -10%, код: НОЧЬ до 11:00",https://sunlight.net/catalog/pendants_989042.html,7 000 руб. - 8 000 руб.
2024-06-05,Sunlight,2.87,17634.0,БК СЕРЬГИ,6144.0,"Цены ниже! Ещё -10%, код: НОЧЬ до 11:00",https://sunlight.net/catalog/earring_265965.html,6 000 руб. - 6 500 руб.
2024-06-05,Sunlight,1.78,12442.0,ЦБ ЦЕПИ,6990.0,ХИТ-цена,https://sunlight.net/catalog/chains_52157.html,6 500 руб. - 7 000 руб.
2024-06-05,Sunlight,1.59,11964.0,БК ПОДВЕС ДЕКОР,7525.0,"Цены ниже! Ещё -10%, код: НОЧЬ до 11:00",https://sunlight.net/catalog/pendants_993658.html,7 000 руб. - 8 000 руб.
2024-06-05,Sunlight,28.7,157563.0,ЦБ ЦЕПИ,5490.0,ХИТ-цена,https://sunlight.net/catalog/chains_985806.html,до 5 500 руб.
2024-06-05,Sunlight,2.06,14144.0,БК КОЛЬЦА ОБРУЧ,6866.0,"Цены ниже! Ещё -10%, код: НОЧЬ до 11:00",https://sunlight.net/catalog/ring_984893.html,6 500 руб. - 7 000 руб.
2024-06-05,Sunlight,2.02,12594.0,БК ПОДВЕС ДЕКОР,6235.0,"Цены ниже! Ещё -10%, код: НОЧЬ до 11:00",https://sunlight.net/catalog/pendants_992366.html,6 000 руб. - 6 500 руб.
2024-06-05,Sunlight,1.62,10109.0,БК СЕРЬГИ,6240.0,"Цены ниже! Ещё -15%, код: НОЧЬ до 11:00",https://sunlight.net/catalog/earring_341248.html,6 000 руб. - 6 500 руб.
2024-06-05,Sunlight,0.58,4194.0,БК СЕРЬГИ,7231.0,"Цены ниже! Ещё -20%, код: НОЧЬ до 11:00",https://sunlight.net/catalog/one_earring_211756.html,7 000 руб. - 8 000 руб.
2024-06-05,Sunlight,2.15,16059.0,БК ПОДВЕС КУЛЬТ,7469.0,"Цены ниже! Ещё -15%, код: НОЧЬ до 11:00",https://sunlight.net/catalog/pendants_350939.html,7 000 руб. - 8 000 руб.
2024-06-05,Sunlight,0.68,5034.0,БК СЕРЬГИ,7403.0,"Цены ниже! Ещё -20%, код: НОЧЬ до 11:00",https://sunlight.net/catalog/earring_290550.html,7 000 руб. - 8 000 руб.
2024-06-05,Sunlight,4.93,28885.0,БК КОЛЬЦА,5859.0,"Цены ниже! Ещё -10%, код: НОЧЬ до 11:00",https://sunlight.net/catalog/ring_260457.html,5 500 руб. - 6 000 руб.
2024-06-05,Sunlight,3.55,28344.0,БК СЕРЬГИ,7984.0,"Цены ниже! Ещё -10%, код: НОЧЬ до 11:00",https://sunlight.net/catalog/earring_355513.html,7 000 руб. - 8 000 руб.
2024-06-05,Sunlight,1.96,11239.0,БК КОЛЬЦА,5734.0,"Цены ниже! Ещё -10%, код: НОЧЬ до 11:00",https://sunlight.net/catalog/ring_348587.html,5 500 руб. - 6 000 руб.
2024-06-05,Sunlight,1.15,8919.0,БК ПОДВЕС ДЕКОР,7756.0,"Цены ниже! Ещё -15%, код: НОЧЬ до 11:00",https://sunlight.net/catalog/pendants_271400.html,7 000 руб. - 8 000 руб.
2024-06-05,Sunlight,6.57,40454.0,БК ПОДВЕС КУЛЬТ,6157.0,"Цены ниже! Ещё -15%, код: НОЧЬ до 11:00",https://sunlight.net/catalog/pendants_988800.html,6 000 руб. - 6 500 руб.
2024-06-05,Sunlight,2.1,14259.0,ЦБ ЦЕПИ,6790.0,ХИТ-цена,https://sunlight.net/catalog/chains_103897.html,6 500 руб. - 7 000 руб.
2024-06-05,Sunlight,3.39,25391.0,ЦБ БРАСЛЕТЫ,7490.0,ХИТ-цена,https://sunlight.net/catalog/bracelets_303044.html,7 000 руб. - 8 000 руб.
2024-06-05,Sunlight,6.07,42429.0,ЦБ ЦЕПИ,6990.0,ХИТ-цена,https://sunlight.net/catalog/chains_73710.html,6 500 руб. - 7 000 руб.
2024-06-05,Sunlight,4.45,31106.0,ЦБ ЦЕПИ,6990.0,ХИТ-цена,https://sunlight.net/catalog/chains_256226.html,6 500 руб. - 7 000 руб.
2024-06-05,Sunlight,2.32,17118.0,ЦБ БРАСЛЕТЫ,7378.0,"Цены ниже! Ещё -15%, код: НОЧЬ до 11:00",https://sunlight.net/catalog/bracelets_343444.html,7 000 руб. - 8 000 руб.
2024-06-05,Sunlight,1.95,11942.0,БК КОЛЬЦА ОБРУЧ,6124.0,"Цены ниже! Ещё -15%, код: НОЧЬ до 11:00",https://sunlight.net/catalog/ring_130352.html,6 000 руб. - 6 500 руб.
2024-06-05,Sunlight,0.28,2122.0,БК СЕРЬГИ,7579.0,"Цены ниже! Ещё -20%, код: НОЧЬ до 11:00",https://sunlight.net/catalog/one_earring_276034.html,7 000 руб. - 8 000 руб.
2024-06-05,Sunlight,1.73,12453.0,БК КОЛЬЦА,7198.0,"Цены ниже! Ещё -15%, код: НОЧЬ до 11:00",https://sunlight.net/catalog/ring_279237.html,7 000 руб. - 8 000 руб.
2024-06-05,Sunlight,2.49,17413.0,БК КОЛЬЦА,6993.0,"Цены ниже! Ещё -10%, код: НОЧЬ до 11:00",https://sunlight.net/catalog/ring_353858.html,6 500 руб. - 7 000 руб.
2024-06-05,Sunlight,0.64,4474.0,БК ПОДВЕС ДЕКОР,6991.0,"Цены ниже! Ещё -20%, код: НОЧЬ до 11:00",https://sunlight.net/catalog/pendants_983697.html,6 500 руб. - 7 000 руб.
2024-06-05,Sunlight,2.36,15464.0,БК СЕРЬГИ,6553.0,"Цены ниже! Ещё -15%, код: НОЧЬ до 11:00",https://sunlight.net/catalog/earring_351949.html,6 500 руб. - 7 000 руб.
2024-06-05,Sunlight,2.24,15464.0,БК СЕРЬГИ,6904.0,"Цены ниже! Ещё -15%, код: НОЧЬ до 11:00",https://sunlight.net/catalog/earring_351953.html,6 500 руб. - 7 000 руб.
2024-06-05,Sunlight,3.9,23587.0,БК КОЛЬЦА,6048.0,"Цены ниже! Ещё -10%, код: НОЧЬ до 11:00",https://sunlight.net/catalog/ring_348517.html,6 000 руб. - 6 500 руб.
2024-06-05,Sunlight,2.45,15464.0,БК СЕРЬГИ,6312.0,"Цены ниже! Ещё -15%, код: НОЧЬ до 11:00",https://sunlight.net/catalog/earring_244007.html,6 000 руб. - 6 500 руб.
2024-06-05,Sunlight,2.16,15744.0,БК ПОДВЕС ДЕКОР,7289.0,"Цены ниже! Ещё -10%, код: НОЧЬ до 11:00",https://sunlight.net/catalog/pendants_993647.html,7 000 руб. - 8 000 руб.
2024-06-05,Sunlight,4.72,35353.0,ЦБ ЦЕПИ,7490.0,ХИТ-цена,https://sunlight.net/catalog/chains_46805.html,7 000 руб. - 8 000 руб.
2024-06-05,Sunlight,2.01,11121.0,БК КОЛЬЦА,5533.0,"Цены ниже! Ещё -15%, код: НОЧЬ до 11:00",https://sunlight.net/catalog/ring_991931.html,5 500 руб. - 6 000 руб.
2024-06-05,Sunlight,0.81,5944.0,БК ПОДВЕС ДЕКОР,7338.0,"Цены ниже! Ещё -15%, код: НОЧЬ до 11:00",https://sunlight.net/catalog/pendants_45529.html,7 000 руб. - 8 000 руб.
2024-06-05,Sunlight,0.92,6924.0,БК СЕРЬГИ,7526.0,"Цены ниже! Ещё -10%, код: НОЧЬ до 11:00",https://sunlight.net/catalog/earring_89063.html,7 000 руб. - 8 000 руб.
2024-06-05,Sunlight,0.94,5664.0,БК СЕРЬГИ,6026.0,"Цены ниже! Ещё -10%, код: НОЧЬ до 11:00",https://sunlight.net/catalog/earring_245322.html,6 000 руб. - 6 500 руб.
2024-06-05,Sunlight,5.4,37592.0,БК КОЛЬЦА,6961.0,"Цены ниже! Ещё -15%, код: НОЧЬ до 11:00",https://sunlight.net/catalog/ring_344395.html,6 500 руб. - 7 000 руб.
2024-06-05,Sunlight,0.82,6142.0,ЦБ БРАСЛЕТЫ,7490.0,ХИТ-цена,https://sunlight.net/catalog/bracelets_119959.html,7 000 руб. - 8 000 руб.
2024-06-05,Sunlight,1.94,14869.0,БК СЕРЬГИ,7664.0,"Цены ниже! Ещё -15%, код: НОЧЬ до 11:00",https://sunlight.net/catalog/earring_983977.html,7 000 руб. - 8 000 руб.
2024-06-05,Sunlight,0.7,4474.0,БК СЕРЬГИ,6391.0,"Цены ниже! Ещё -20%, код: НОЧЬ до 11:00",https://sunlight.net/catalog/earring_155068.html,6 000 руб. - 6 500 руб.
2024-06-05,Sunlight,2.54,15744.0,БК СЕРЬГИ,6198.0,"Цены ниже! Ещё -10%, код: НОЧЬ до 11:00",https://sunlight.net/catalog/earring_276522.html,6 000 руб. - 6 500 руб.
2024-06-05,Sunlight,2.63,15464.0,БК СЕРЬГИ,5880.0,"Цены ниже! Ещё -15%, код: НОЧЬ до 11:00",https://sunlight.net/catalog/earring_353854.html,5 500 руб. - 6 000 руб.
2024-06-05,Sunlight,1.93,11894.0,БК СЕРЬГИ,6163.0,"Цены ниже! Ещё -15%, код: НОЧЬ до 11:00",https://sunlight.net/catalog/earring_258062.html,6 000 руб. - 6 500 руб.
2024-06-05,Sunlight,1.47,9514.0,БК ПОДВЕС КУЛЬТ,6472.0,"Цены ниже! Ещё -15%, код: НОЧЬ до 11:00",https://sunlight.net/catalog/pendants_353074.html,6 000 руб. - 6 500 руб.
2024-06-05,Sunlight,9.37,60811.0,ЦБ ЦЕПИ,6490.0,ХИТ-цена,https://sunlight.net/catalog/chains_103879.html,6 000 руб. - 6 500 руб.
2024-06-05,Sunlight,2.25,12447.0,БК КОЛЬЦА,5532.0,"Цены ниже! Ещё -15%, код: НОЧЬ до 11:00",https://sunlight.net/catalog/ring_348600.html,5 500 руб. - 6 000 руб.
2024-06-05,Sunlight,1.74,12114.0,БК КОЛЬЦА,6962.0,"Цены ниже! Ещё -15%, код: НОЧЬ до 11:00",https://sunlight.net/catalog/ring_353857.html,6 500 руб. - 7 000 руб.
2024-06-05,Sunlight,0.55,4754.0,БК ПОДВЕС ДЕКОР,8644.0,"Цены ниже! Ещё -15%, код: НОЧЬ до 11:00",https://sunlight.net/catalog/pendants_343323.html,8 000 руб. - 9 000 руб.
2024-06-05,Sunlight,2.02,14251.0,БК КОЛЬЦА,7055.0,"Цены ниже! Ещё -10%, код: НОЧЬ до 11:00",https://sunlight.net/catalog/ring_351290.html,7 000 руб. - 8 000 руб.
2024-06-05,Sunlight,3.76,22674.0,БК СЕРЬГИ,6030.0,"Цены ниже! Ещё -10%, код: НОЧЬ до 11:00",https://sunlight.net/catalog/earring_344396.html,6 000 руб. - 6 500 руб.
2024-06-05,Sunlight,1.42,8814.0,БК СЕРЬГИ,6207.0,"Цены ниже! Ещё -10%, код: НОЧЬ до 11:00",https://sunlight.net/catalog/earring_304123.html,6 000 руб. - 6 500 руб.
2024-06-05,Sunlight,0.88,5052.0,БК СЕРЬГИ,5741.0,"Цены ниже! Ещё -15%, код: НОЧЬ до 11:00",https://sunlight.net/catalog/earring_992482.html,5 500 руб. - 6 000 руб.
2024-06-05,Sunlight,8.33,57204.0,БК КОЛЬЦА,6867.0,"Цены ниже! Ещё -10%, код: НОЧЬ до 11:00",https://sunlight.net/catalog/ring_348518.html,6 500 руб. - 7 000 руб.
2024-06-05,Sunlight,2.79,16374.0,БК СЕРЬГИ,5869.0,"Цены ниже! Ещё -10%, код: НОЧЬ до 11:00",https://sunlight.net/catalog/earring_331702.html,5 500 руб. - 6 000 руб.
2024-06-05,Sunlight,3.78,26422.0,ЦБ ЦЕПИ,6990.0,ХИТ-цена,https://sunlight.net/catalog/chains_38240.html,6 500 руб. - 7 000 руб.
2024-06-05,Sunlight,1.73,12958.0,ЦБ ЦЕПИ,7490.0,ХИТ-цена,https://sunlight.net/catalog/chains_66283.html,7 000 руб. - 8 000 руб.
2024-06-05,Sunlight,2.11,15382.0,ЦБ ЦЕПИ,7290.0,ХИТ-цена,https://sunlight.net/catalog/chains_56733.html,7 000 руб. - 8 000 руб.
2024-06-05,Sunlight,1.25,10074.0,БК СЕРЬГИ,8059.0,"Цены ниже! Ещё -10%, код: НОЧЬ до 11:00",https://sunlight.net/catalog/earring_103992.html,8 000 руб. - 9 000 руб.
2024-06-05,Sunlight,1.12,8954.0,БК ПОДВЕС ДЕКОР,7995.0,"Цены ниже! Ещё -20%, код: НОЧЬ до 11:00",https://sunlight.net/catalog/pendants_271399.html,7 000 руб. - 8 000 руб.
2024-06-05,Sunlight,2.28,17249.0,БК СЕРЬГИ,7565.0,"Цены ниже! Ещё -15%, код: НОЧЬ до 11:00",https://sunlight.net/catalog/earring_96460.html,7 000 руб. - 8 000 руб.
2024-06-05,Sunlight,3.15,23794.0,БК СЕРЬГИ,7554.0,"Цены ниже! Ещё -15%, код: НОЧЬ до 11:00",https://sunlight.net/catalog/earring_320707.html,7 000 руб. - 8 000 руб.
2024-06-05,Sunlight,2.44,15114.0,БК СЕРЬГИ,6194.0,"Цены ниже! Ещё -10%, код: НОЧЬ до 11:00",https://sunlight.net/catalog/earring_343674.html,6 000 руб. - 6 500 руб.
2024-06-05,Sunlight,1.99,11409.0,БК КОЛЬЦА,5733.0,"Цены ниже! Ещё -10%, код: НОЧЬ до 11:00",https://sunlight.net/catalog/ring_993778.html,5 500 руб. - 6 000 руб.
2024-06-05,Sunlight,2.56,15114.0,БК СЕРЬГИ,5904.0,"Цены ниже! Ещё -10%, код: НОЧЬ до 11:00",https://sunlight.net/catalog/earring_993319.html,5 500 руб. - 6 000 руб.
2024-06-05,Sunlight,3.06,23854.0,БК КОЛЬЦА,7795.0,"Цены ниже! Ещё -15%, код: НОЧЬ до 11:00",https://sunlight.net/catalog/ring_992641.html,7 000 руб. - 8 000 руб.
2024-06-05,Sunlight,4.77,27618.0,ЦБ ЦЕПИ,5790.0,ХИТ-цена,https://sunlight.net/catalog/chains_51841.html,5 500 руб. - 6 000 руб.
2024-06-05,Sunlight,2.26,17844.0,БК СЕРЬГИ,7896.0,"Цены ниже! Ещё -15%, код: НОЧЬ до 11:00",https://sunlight.net/catalog/earring_103806.html,7 000 руб. - 8 000 руб.
2024-06-05,Sunlight,1.13,8324.0,БК СЕРЬГИ,7366.0,"Цены ниже! Ещё -15%, код: НОЧЬ до 11:00",https://sunlight.net/catalog/earring_304049.html,7 000 руб. - 8 000 руб.
2024-06-05,Sunlight,3.58,28344.0,БК СЕРЬГИ,7917.0,"Цены ниже! Ещё -10%, код: НОЧЬ до 11:00",https://sunlight.net/catalog/earring_355514.html,7 000 руб. - 8 000 руб.
2024-06-05,Sunlight,3.82,30339.0,БК ПОДВЕС КУЛЬТ,7942.0,"Цены ниже! Ещё -15%, код: НОЧЬ до 11:00",https://sunlight.net/catalog/pendants_346473.html,7 000 руб. - 8 000 руб.
2024-06-05,Sunlight,2.33,13224.0,БК СЕРЬГИ,5676.0,"Цены ниже! Ещё -10%, код: НОЧЬ до 11:00",https://sunlight.net/catalog/earring_992442.html,5 500 руб. - 6 000 руб.
2024-06-05,Sunlight,3.08,23069.0,ЦБ ЦЕПИ,7490.0,ХИТ-цена,https://sunlight.net/catalog/chains_75110.html,7 000 руб. - 8 000 руб.
2024-06-05,Sunlight,1.23,8954.0,БК ПОДВЕС КУЛЬТ,7280.0,"Цены ниже! Ещё -20%, код: НОЧЬ до 11:00",https://sunlight.net/catalog/pendants_349872.html,7 000 руб. - 8 000 руб.
2024-06-05,Sunlight,1.66,9383.0,БК КОЛЬЦА,5652.0,"Цены ниже! Ещё -15%, код: НОЧЬ до 11:00",https://sunlight.net/catalog/ring_338925.html,5 500 руб. - 6 000 руб.
2024-06-05,Sunlight,0.14,834.0,БК СЕРЬГИ,5957.0,"Цены ниже! Ещё -20%, код: НОЧЬ до 11:00",https://sunlight.net/catalog/piercing_354507.html,5 500 руб. - 6 000 руб.
2024-06-05,Sunlight,2.67,15464.0,БК СЕРЬГИ,5792.0,"Цены ниже! Ещё -15%, код: НОЧЬ до 11:00",https://sunlight.net/catalog/earring_292054.html,5 500 руб. - 6 000 руб.
2024-06-05,Sunlight,4.64,26866.0,ЦБ ЦЕПИ,5790.0,ХИТ-цена,https://sunlight.net/catalog/chains_195771.html,5 500 руб. - 6 000 руб.
2024-06-05,Sunlight,13.86,80249.0,ЦБ БРАСЛЕТЫ,5790.0,ХИТ-цена,https://sunlight.net/catalog/bracelets_344748.html,5 500 руб. - 6 000 руб.
2024-06-05,Sunlight,1.56,11894.0,БК СЕРЬГИ,7624.0,"Цены ниже! Ещё -15%, код: НОЧЬ до 11:00",https://sunlight.net/catalog/earring_318781.html,7 000 руб. - 8 000 руб.
2024-06-05,Sunlight,1.84,10294.0,БК КОЛЬЦА,5595.0,"Цены ниже! Ещё -15%, код: НОЧЬ до 11:00",https://sunlight.net/catalog/ring_306315.html,5 500 руб. - 6 000 руб.
2024-06-05,Sunlight,2.28,15738.0,БК КОЛЬЦА,6903.0,"Цены ниже! Ещё -15%, код: НОЧЬ до 11:00",https://sunlight.net/catalog/ring_348036.html,6 500 руб. - 7 000 руб.
2024-06-05,Sunlight,1.86,10704.0,БК СЕРЬГИ,5755.0,"Цены ниже! Ещё -10%, код: НОЧЬ до 11:00",https://sunlight.net/catalog/earring_991933.html,5 500 руб. - 6 000 руб.
2024-06-05,Sunlight,0.95,5979.0,БК ПОДВЕС КУЛЬТ,6294.0,"Цены ниже! Ещё -10%, код: НОЧЬ до 11:00",https://sunlight.net/catalog/pendants_353072.html,6 000 руб. - 6 500 руб.
2024-06-05,Sunlight,1.23,7247.0,БК КОЛЬЦА,5892.0,"Цены ниже! Ещё -15%, код: НОЧЬ до 11:00",https://sunlight.net/catalog/ring_283164.html,5 500 руб. - 6 000 руб.
2024-06-05,Sunlight,1.6,11664.0,ЦБ ЦЕПИ,7290.0,ХИТ-цена,https://sunlight.net/catalog/chains_61197.html,7 000 руб. - 8 000 руб.
2024-06-05,Sunlight,0.99,7432.0,БК СЕРЬГИ,7507.0,"Цены ниже! Ещё -15%, код: НОЧЬ до 11:00",https://sunlight.net/catalog/earring_99993.html,7 000 руб. - 8 000 руб.
2024-06-05,Sunlight,2.42,16654.0,БК СЕРЬГИ,6882.0,"Цены ниже! Ещё -15%, код: НОЧЬ до 11:00",https://sunlight.net/catalog/earring_82643.html,6 500 руб. - 7 000 руб.
2024-06-05,Sunlight,0.96,7239.0,БК ПОДВЕС ДЕКОР,7541.0,"Цены ниже! Ещё -10%, код: НОЧЬ до 11:00",https://sunlight.net/catalog/pendants_986599.html,7 000 руб. - 8 000 руб.
2024-06-05,Sunlight,1.94,15464.0,БК СЕРЬГИ,7971.0,"Цены ниже! Ещё -15%, код: НОЧЬ до 11:00",https://sunlight.net/catalog/earring_327992.html,7 000 руб. - 8 000 руб.
2024-06-05,Sunlight,0.75,5034.0,БК ПОДВЕС КУЛЬТ,6712.0,"Цены ниже! Ещё -10%, код: НОЧЬ до 11:00",https://sunlight.net/catalog/pendants_352094.html,6 500 руб. - 7 000 руб.
2024-06-05,Sunlight,2.68,16374.0,БК СЕРЬГИ,6110.0,"Цены ниже! Ещё -10%, код: НОЧЬ до 11:00",https://sunlight.net/catalog/earring_260983.html,6 000 руб. - 6 500 руб.
2024-06-05,Sunlight,8.13,54734.0,БК ПОДВЕС КУЛЬТ,6732.0,"Цены ниже! Ещё -15%, код: НОЧЬ до 11:00",https://sunlight.net/catalog/pendants_346477.html,6 500 руб. - 7 000 руб.
2024-06-05,Sunlight,2.39,13679.0,БК СЕРЬГИ,5723.0,"Цены ниже! Ещё -15%, код: НОЧЬ до 11:00",https://sunlight.net/catalog/earring_984642.html,5 500 руб. - 6 000 руб.
2024-06-05,Sunlight,1.12,8389.0,ЦБ БРАСЛЕТЫ,7490.0,ХИТ-цена,https://sunlight.net/catalog/bracelets_47754.html,7 000 руб. - 8 000 руб.
2024-06-05,Sunlight,3.9,30794.0,БК ПОДВЕС КУЛЬТ,7896.0,"Цены ниже! Ещё -20%, код: НОЧЬ до 11:00",https://sunlight.net/catalog/pendants_346469.html,7 000 руб. - 8 000 руб.
2024-06-05,Sunlight,1.67,10074.0,БК СЕРЬГИ,6032.0,"Цены ниже! Ещё -10%, код: НОЧЬ до 11:00",https://sunlight.net/catalog/earring_271585.html,6 000 руб. - 6 500 руб.
2024-06-05,Sunlight,0.94,6994.0,БК СЕРЬГИ,7440.0,"Цены ниже! Ещё -20%, код: НОЧЬ до 11:00",https://sunlight.net/catalog/earring_276947.html,7 000 руб. - 8 000 руб.
2024-06-05,Sunlight,0.3,2493.0,БК ПОДВЕС ДЕКОР,8310.0,"Цены ниже! Ещё -15%, код: НОЧЬ до 11:00",https://sunlight.net/catalog/pendants_45057.html,8 000 руб. - 9 000 руб.
2024-06-05,Sunlight,2.59,14685.0,БК КОЛЬЦА,5670.0,"Цены ниже! Ещё -10%, код: НОЧЬ до 11:00",https://sunlight.net/catalog/ring_333299.html,5 500 руб. - 6 000 руб.
2024-06-05,Sunlight,1.78,12923.0,БК КОЛЬЦА,7260.0,"Цены ниже! Ещё -15%, код: НОЧЬ до 11:00",https://sunlight.net/catalog/ring_97928.html,7 000 руб. - 8 000 руб.
2024-06-05,Sunlight,1.82,13679.0,БК СЕРЬГИ,7516.0,"Цены ниже! Ещё -15%, код: НОЧЬ до 11:00",https://sunlight.net/catalog/earring_275529.html,7 000 руб. - 8 000 руб.
2024-06-05,Sunlight,0.88,6837.0,БК СЕРЬГИ,7769.0,"Цены ниже! Ещё -15%, код: НОЧЬ до 11:00",https://sunlight.net/catalog/earring_107030.html,7 000 руб. - 8 000 руб.
2024-06-05,Sunlight,1.42,8919.0,БК ПОДВЕС ДЕКОР,6281.0,"Цены ниже! Ещё -15%, код: НОЧЬ до 11:00",https://sunlight.net/catalog/pendants_333541.html,6 000 руб. - 6 500 руб.
2024-06-05,Sunlight,4.31,30518.0,БК КОЛЬЦА,7081.0,"Цены ниже! Ещё -15%, код: НОЧЬ до 11:00",https://sunlight.net/catalog/ring_356045.html,7 000 руб. - 8 000 руб.
2024-06-05,Sunlight,4.38,32754.0,БК СЕРЬГИ,7478.0,"Цены ниже! Ещё -10%, код: НОЧЬ до 11:00",https://sunlight.net/catalog/earring_336617.html,7 000 руб. - 8 000 руб.
2024-06-05,Sunlight,3.77,27483.0,ЦБ БРАСЛЕТЫ,7290.0,ХИТ-цена,https://sunlight.net/catalog/bracelets_81274.html,7 000 руб. - 8 000 руб.
2024-06-05,Sunlight,5.22,36534.0,БК СЕРЬГИ,6999.0,"Цены ниже! Ещё -10%, код: НОЧЬ до 11:00",https://sunlight.net/catalog/earring_348532.html,6 500 руб. - 7 000 руб.
2024-06-05,Sunlight,2.33,13356.0,БК КОЛЬЦА,5732.0,"Цены ниже! Ещё -10%, код: НОЧЬ до 11:00",https://sunlight.net/catalog/ring_343336.html,5 500 руб. - 6 000 руб.
2024-06-05,Sunlight,2.9,17004.0,БК СЕРЬГИ,5863.0,"Цены ниже! Ещё -10%, код: НОЧЬ до 11:00",https://sunlight.net/catalog/earring_989075.html,5 500 руб. - 6 000 руб.
2024-06-05,Sunlight,2.65,15744.0,БК СЕРЬГИ,5941.0,"Цены ниже! Ещё -10%, код: НОЧЬ до 11:00",https://sunlight.net/catalog/earring_991541.html,5 500 руб. - 6 000 руб.
2024-06-05,Sunlight,1.56,9514.0,БК СЕРЬГИ,6099.0,"Цены ниже! Ещё -15%, код: НОЧЬ до 11:00",https://sunlight.net/catalog/earring_345690.html,6 000 руб. - 6 500 руб.
2024-06-05,Sunlight,3.42,25641.0,БК КОЛЬЦА,7497.0,"Цены ниже! Ещё -10%, код: НОЧЬ до 11:00",https://sunlight.net/catalog/ring_348523.html,7 000 руб. - 8 000 руб.
2024-06-05,Sunlight,0.26,2122.0,БК ПОДВЕС ДЕКОР,8162.0,"Цены ниже! Ещё -20%, код: НОЧЬ до 11:00",https://sunlight.net/catalog/pendants_268495.html,8 000 руб. - 9 000 руб.
2024-06-05,Sunlight,1.26,8394.0,БК СЕРЬГИ,6662.0,"Цены ниже! Ещё -20%, код: НОЧЬ до 11:00",https://sunlight.net/catalog/earring_278681.html,6 500 руб. - 7 000 руб.
2024-06-05,Sunlight,2.91,16317.0,ЦБ БРАСЛЕТЫ,5607.0,"Цены ниже! Ещё -10%, код: НОЧЬ до 11:00",https://sunlight.net/catalog/bracelets_329122.html,5 500 руб. - 6 000 руб.
2024-06-05,Sunlight,3.13,21045.0,БК КОЛЬЦА ОБРУЧ,6724.0,"Цены ниже! Ещё -15%, код: НОЧЬ до 11:00",https://sunlight.net/catalog/ring_992884.html,6 500 руб. - 7 000 руб.
2024-06-05,Sunlight,5.38,43674.0,БК ПОДВЕС КУЛЬТ,8118.0,"Цены ниже! Ещё -20%, код: НОЧЬ до 11:00",https://sunlight.net/catalog/pendants_346479.html,8 000 руб. - 9 000 руб.
2024-06-05,Sunlight,2.45,14049.0,БК КОЛЬЦА,5734.0,"Цены ниже! Ещё -10%, код: НОЧЬ до 11:00",https://sunlight.net/catalog/ring_991944.html,5 500 руб. - 6 000 руб.
2024-06-05,Sunlight,3.96,23794.0,БК СЕРЬГИ,6009.0,"Цены ниже! Ещё -15%, код: НОЧЬ до 11:00",https://sunlight.net/catalog/earring_348610.html,6 000 руб. - 6 500 руб.
2024-06-05,Sunlight,1.36,8954.0,БК СЕРЬГИ,6584.0,"Цены ниже! Ещё -20%, код: НОЧЬ до 11:00",https://sunlight.net/catalog/earring_242487.html,6 500 руб. - 7 000 руб.
2024-06-05,Sunlight,1.61,9514.0,БК СЕРЬГИ,5909.0,"Цены ниже! Ещё -15%, код: НОЧЬ до 11:00",https://sunlight.net/catalog/earring_244081.html,5 500 руб. - 6 000 руб.
2024-06-05,Sunlight,2.83,15660.0,ЦБ БРАСЛЕТЫ,5534.0,"Цены ниже! Ещё -15%, код: НОЧЬ до 11:00",https://sunlight.net/catalog/bracelets_988200.html,5 500 руб. - 6 000 руб.
2024-06-05,Sunlight,1.36,10594.0,ЦБ ЦЕПИ,7790.0,ХИТ-цена,https://sunlight.net/catalog/chains_36842.html,7 000 руб. - 8 000 руб.
2024-06-05,Sunlight,1.2,9514.0,БК СЕРЬГИ,7928.0,"Цены ниже! Ещё -15%, код: НОЧЬ до 11:00",https://sunlight.net/catalog/earring_344966.html,7 000 руб. - 8 000 руб.
2024-06-05,Sunlight,1.59,11067.0,БК КОЛЬЦА,6960.0,"Цены ниже! Ещё -15%, код: НОЧЬ до 11:00",https://sunlight.net/catalog/ring_335851.html,6 500 руб. - 7 000 руб.
2024-06-05,Sunlight,1.82,13679.0,БК СЕРЬГИ,7516.0,"Цены ниже! Ещё -15%, код: НОЧЬ до 11:00",https://sunlight.net/catalog/earring_345692.html,7 000 руб. - 8 000 руб.
2024-06-05,Sunlight,7.06,39583.0,БК КОЛЬЦА,5607.0,"Цены ниже! Ещё -10%, код: НОЧЬ до 11:00",https://sunlight.net/catalog/ring_343551.html,5 500 руб. - 6 000 руб.
2024-06-05,Sunlight,2.68,20714.0,БК СЕРЬГИ,7729.0,"Цены ниже! Ещё -20%, код: НОЧЬ до 11:00",https://sunlight.net/catalog/earring_992638.html,7 000 руб. - 8 000 руб.
2024-06-05,Sunlight,2.1,12594.0,БК СЕРЬГИ,5997.0,"Цены ниже! Ещё -10%, код: НОЧЬ до 11:00",https://sunlight.net/catalog/earring_93975.html,5 500 руб. - 6 000 руб.
2024-06-05,Sunlight,1.62,10514.0,ЦБ БРАСЛЕТЫ,6490.0,ХИТ-цена,https://sunlight.net/catalog/bracelets_86316.html,6 000 руб. - 6 500 руб.
2024-06-05,Sunlight,3.34,18894.0,БК СЕРЬГИ,5657.0,"Цены ниже! Ещё -10%, код: НОЧЬ до 11:00",https://sunlight.net/catalog/earring_983713.html,5 500 руб. - 6 000 руб.
2024-06-05,Sunlight,1.35,10112.0,ЦБ БРАСЛЕТЫ,7490.0,ХИТ-цена,https://sunlight.net/catalog/bracelets_74374.html,7 000 руб. - 8 000 руб.
2024-06-05,Sunlight,1.9,13281.0,ЦБ ЦЕПИ,6990.0,ХИТ-цена,https://sunlight.net/catalog/chains_86411.html,6 500 руб. - 7 000 руб.
2024-06-05,Sunlight,15.79,102477.0,ЦБ ЦЕПИ,6490.0,ХИТ-цена,https://sunlight.net/catalog/chains_111043.html,6 000 руб. - 6 500 руб.
2024-06-05,Sunlight,3.01,20236.0,БК КОЛЬЦА ОБРУЧ,6723.0,"Цены ниже! Ещё -15%, код: НОЧЬ до 11:00",https://sunlight.net/catalog/ring_992885.html,6 500 руб. - 7 000 руб.
2024-06-05,Sunlight,3.46,21616.0,БК КОЛЬЦА ОБРУЧ,6247.0,"Цены ниже! Ещё -15%, код: НОЧЬ до 11:00",https://sunlight.net/catalog/ring_339570.html,6 000 руб. - 6 500 руб.
2024-06-05,Sunlight,3.25,19565.0,БК КОЛЬЦА,6020.0,"Цены ниже! Ещё -5%, код: НОЧЬ до 11:00",https://sunlight.net/catalog/ring_328556.html,6 000 руб. - 6 500 руб.
2024-06-05,Sunlight,5.5,33152.0,БК КОЛЬЦА,6028.0,"Цены ниже! Ещё -5%, код: НОЧЬ до 11:00",https://sunlight.net/catalog/ring_318250.html,6 000 руб. - 6 500 руб.
2024-06-05,Sunlight,3.03,18264.0,БК СЕРЬГИ,6028.0,"Цены ниже! Ещё -10%, код: НОЧЬ до 11:00",https://sunlight.net/catalog/earring_339694.html,6 000 руб. - 6 500 руб.
2024-06-05,Sunlight,1.63,12489.0,БК СЕРЬГИ,7662.0,"Цены ниже! Ещё -15%, код: НОЧЬ до 11:00",https://sunlight.net/catalog/earring_318780.html,7 000 руб. - 8 000 руб.
2024-06-05,Sunlight,1.32,8814.0,БК ПОДВЕС ДЕКОР,6677.0,"Цены ниже! Ещё -10%, код: НОЧЬ до 11:00",https://sunlight.net/catalog/pendants_986594.html,6 500 руб. - 7 000 руб.
2024-06-05,Sunlight,2.01,15464.0,БК СЕРЬГИ,7694.0,"Цены ниже! Ещё -15%, код: НОЧЬ до 11:00",https://sunlight.net/catalog/earring_335806.html,7 000 руб. - 8 000 руб.
2024-06-05,Sunlight,1.36,9514.0,БК СЕРЬГИ,6996.0,"Цены ниже! Ещё -15%, код: НОЧЬ до 11:00",https://sunlight.net/catalog/earring_304287.html,6 500 руб. - 7 000 руб.
2024-06-05,Sunlight,2.57,20784.0,БК СЕРЬГИ,8087.0,"Цены ниже! Ещё -10%, код: НОЧЬ до 11:00",https://sunlight.net/catalog/earring_989046.html,8 000 руб. - 9 000 руб.
2024-06-05,Sunlight,0.5,3267.0,БК ПОДВЕС ДЕКОР,6534.0,"Цены ниже! Ещё -15%, код: НОЧЬ до 11:00",https://sunlight.net/catalog/pendants_984637.html,6 500 руб. - 7 000 руб.
2024-06-05,Sunlight,0.75,4457.0,БК ПОДВЕС ДЕКОР,5943.0,"Цены ниже! Ещё -15%, код: НОЧЬ до 11:00",https://sunlight.net/catalog/pendants_984633.html,5 500 руб. - 6 000 руб.
2024-06-05,Sunlight,1.98,11299.0,БК СЕРЬГИ,5707.0,"Цены ниже! Ещё -15%, код: НОЧЬ до 11:00",https://sunlight.net/catalog/earring_354022.html,5 500 руб. - 6 000 руб.
2024-06-05,Sunlight,3.64,26638.0,ЦБ БРАСЛЕТЫ,7318.0,"Цены ниже! Ещё -15%, код: НОЧЬ до 11:00",https://sunlight.net/catalog/bracelets_351814.html,7 000 руб. - 8 000 руб.
2024-06-05,Sunlight,42.29,244859.0,ЦБ БРАСЛЕТЫ,5790.0,ХИТ-цена,https://sunlight.net/catalog/bracelets_310024.html,5 500 руб. - 6 000 руб.
2024-06-05,Sunlight,0.83,6539.0,БК ПОДВЕС ДЕКОР,7878.0,"Цены ниже! Ещё -15%, код: НОЧЬ до 11:00",https://sunlight.net/catalog/pendants_993627.html,7 000 руб. - 8 000 руб.
2024-06-05,Sunlight,0.53,4474.0,БК ПОДВЕС ДЕКОР,8442.0,"Цены ниже! Ещё -20%, код: НОЧЬ до 11:00",https://sunlight.net/catalog/pendants_320705.html,8 000 руб. - 9 000 руб.
2024-06-05,Sunlight,2.06,15464.0,БК СЕРЬГИ,7507.0,"Цены ниже! Ещё -15%, код: НОЧЬ до 11:00",https://sunlight.net/catalog/earring_49273.html,7 000 руб. - 8 000 руб.
2024-06-05,Sunlight,1.49,10549.0,БК КОЛЬЦА,7080.0,"Цены ниже! Ещё -15%, код: НОЧЬ до 11:00",https://sunlight.net/catalog/ring_348581.html,7 000 руб. - 8 000 руб.
2024-06-05,Sunlight,2.55,17004.0,БК СЕРЬГИ,6668.0,"Цены ниже! Ещё -10%, код: НОЧЬ до 11:00",https://sunlight.net/catalog/earring_333300.html,6 500 руб. - 7 000 руб.
2024-06-05,Sunlight,2.62,14855.0,БК КОЛЬЦА,5670.0,"Цены ниже! Ещё -10%, код: НОЧЬ до 11:00",https://sunlight.net/catalog/ring_351291.html,5 500 руб. - 6 000 руб.
2024-06-05,Sunlight,2.63,16374.0,БК СЕРЬГИ,6226.0,"Цены ниже! Ещё -10%, код: НОЧЬ до 11:00",https://sunlight.net/catalog/earring_351283.html,6 000 руб. - 6 500 руб.
2024-06-05,Sunlight,0.59,3634.0,БК ПОДВЕС ДЕКОР,6159.0,"Цены ниже! Ещё -20%, код: НОЧЬ до 11:00",https://sunlight.net/catalog/pendants_341080.html,6 000 руб. - 6 500 руб.
2024-06-05,Sunlight,1.71,11953.0,ЦБ ЦЕПИ,6990.0,ХИТ-цена,https://sunlight.net/catalog/chains_53972.html,6 500 руб. - 7 000 руб.
2024-06-05,Sunlight,1.79,12512.0,ЦБ ЦЕПИ,6990.0,ХИТ-цена,https://sunlight.net/catalog/chains_338493.html,6 500 руб. - 7 000 руб.
2024-06-05,Sunlight,0.86,5052.0,БК СЕРЬГИ,5874.0,"Цены ниже! Ещё -15%, код: НОЧЬ до 11:00",https://sunlight.net/catalog/earring_994948.html,5 500 руб. - 6 000 руб.
2024-06-05,Sunlight,2.28,12614.0,БК КОЛЬЦА,5532.0,"Цены ниже! Ещё -15%, код: НОЧЬ до 11:00",https://sunlight.net/catalog/ring_343335.html,5 500 руб. - 6 000 руб.
2024-06-05,Sunlight,1.25,8505.0,БК КОЛЬЦА ОБРУЧ,6804.0,"Цены ниже! Ещё -10%, код: НОЧЬ до 11:00",https://sunlight.net/catalog/ring248793.html,6 500 руб. - 7 000 руб.
2024-06-05,Sunlight,2.53,15357.0,БК КОЛЬЦА ОБРУЧ,6070.0,"Цены ниже! Ещё -15%, код: НОЧЬ до 11:00",https://sunlight.net/catalog/ring_92210.html,6 000 руб. - 6 500 руб.
2024-06-05,Sunlight,0.36,2255.0,БК СЕРЬГИ,6264.0,"Цены ниже! Ещё -15%, код: НОЧЬ до 11:00",https://sunlight.net/catalog/one_earring_344514.html,6 000 руб. - 6 500 руб.
2024-06-05,Sunlight,2.3,15744.0,БК ПОДВЕС КУЛЬТ,6845.0,"Цены ниже! Ещё -10%, код: НОЧЬ до 11:00",https://sunlight.net/catalog/pendants_277617.html,6 500 руб. - 7 000 руб.
2024-06-05,Sunlight,1.22,6994.0,БК СЕРЬГИ,5733.0,"Цены ниже! Ещё -20%, код: НОЧЬ до 11:00",https://sunlight.net/catalog/earring_258208.html,5 500 руб. - 6 000 руб.
2024-06-05,Sunlight,3.65,25824.0,БК СЕРЬГИ,7075.0,"Цены ниже! Ещё -10%, код: НОЧЬ до 11:00",https://sunlight.net/catalog/earring_351806.html,7 000 руб. - 8 000 руб.
2024-06-05,Sunlight,1.52,8919.0,БК СЕРЬГИ,5868.0,"Цены ниже! Ещё -15%, код: НОЧЬ до 11:00",https://sunlight.net/catalog/earring_278710.html,5 500 руб. - 6 000 руб.
2024-06-05,Sunlight,1.85,10704.0,БК СЕРЬГИ,5786.0,"Цены ниже! Ещё -10%, код: НОЧЬ до 11:00",https://sunlight.net/catalog/earring_258219.html,5 500 руб. - 6 000 руб.
2024-06-05,Sunlight,6.88,37771.0,ЦБ ЦЕПИ,5490.0,ХИТ-цена,https://sunlight.net/catalog/chains_330349.html,до 5 500 руб.
2024-06-05,Sunlight,3.72,20626.0,ЦБ БРАСЛЕТЫ,5545.0,"Цены ниже! Ещё -10%, код: НОЧЬ до 11:00",https://sunlight.net/catalog/bracelets_329125.html,5 500 руб. - 6 000 руб.
2024-06-05,Sunlight,1.26,7269.0,ЦБ БРАСЛЕТЫ,5769.0,"Цены ниже! Ещё -20%, код: НОЧЬ до 11:00",https://sunlight.net/catalog/bracelets_259620.html,5 500 руб. - 6 000 руб.
2024-06-05,Sunlight,0.56,3564.0,БК СЕРЬГИ,6364.0,"Цены ниже! Ещё -15%, код: НОЧЬ до 11:00",https://sunlight.net/catalog/one_earring_342375.html,6 000 руб. - 6 500 руб.
2024-06-05,Sunlight,2.79,20819.0,БК СЕРЬГИ,7462.0,"Цены ниже! Ещё -15%, код: НОЧЬ до 11:00",https://sunlight.net/catalog/earring_348584.html,7 000 руб. - 8 000 руб.
2024-06-05,Sunlight,1.27,7432.0,БК СЕРЬГИ,5852.0,"Цены ниже! Ещё -15%, код: НОЧЬ до 11:00",https://sunlight.net/catalog/earring_344018.html,5 500 руб. - 6 000 руб.
2024-06-05,Sunlight,1.65,11534.0,ЦБ БРАСЛЕТЫ,6990.0,ХИТ-цена,https://sunlight.net/catalog/bracelets_86314.html,6 500 руб. - 7 000 руб.
2024-06-05,Sunlight,1.16,8211.0,БК КОЛЬЦА,7078.0,"Цены ниже! Ещё -15%, код: НОЧЬ до 11:00",https://sunlight.net/catalog/ring_279239.html,7 000 руб. - 8 000 руб.
2024-06-05,Sunlight,6.85,47186.0,ЦБ БРАСЛЕТЫ,6888.0,"Цены ниже! Ещё -20%, код: НОЧЬ до 11:00",https://sunlight.net/catalog/bracelets_343090.html,6 500 руб. - 7 000 руб.
2024-06-05,Sunlight,8.34,56045.0,ЦБ БРАСЛЕТЫ,6720.0,"Цены ниже! Ещё -20%, код: НОЧЬ до 11:00",https://sunlight.net/catalog/bracelets_338198.html,6 500 руб. - 7 000 руб.
2024-06-05,Sunlight,1.54,11894.0,БК СЕРЬГИ,7723.0,"Цены ниже! Ещё -15%, код: НОЧЬ до 11:00",https://sunlight.net/catalog/earring_986270.html,7 000 руб. - 8 000 руб.
2024-06-05,Sunlight,0.63,5052.0,БК ПОДВЕС ДЕКОР,8019.0,"Цены ниже! Ещё -15%, код: НОЧЬ до 11:00",https://sunlight.net/catalog/pendants_348056.html,8 000 руб. - 9 000 руб.
2024-06-05,Sunlight,0.67,5349.0,БК СЕРЬГИ,7984.0,"Цены ниже! Ещё -15%, код: НОЧЬ до 11:00",https://sunlight.net/catalog/earring_306298.html,7 000 руб. - 8 000 руб.
2024-06-05,Sunlight,0.44,2672.0,БК ПОДВЕС ДЕКОР,6073.0,"Цены ниже! Ещё -15%, код: НОЧЬ до 11:00",https://sunlight.net/catalog/pendants_984632.html,6 000 руб. - 6 500 руб.
2024-06-05,Sunlight,2.57,15114.0,БК СЕРЬГИ,5881.0,"Цены ниже! Ещё -10%, код: НОЧЬ до 11:00",https://sunlight.net/catalog/earring_997093.html,5 500 руб. - 6 000 руб.
2024-06-05,Sunlight,2.51,19034.0,БК СЕРЬГИ,7583.0,"Цены ниже! Ещё -15%, код: НОЧЬ до 11:00",https://sunlight.net/catalog/earring_349151.html,7 000 руб. - 8 000 руб.
2024-06-05,Sunlight,3.25,21911.0,БК КОЛЬЦА,6742.0,"Цены ниже! Ещё -10%, код: НОЧЬ до 11:00",https://sunlight.net/catalog/ring_346487.html,6 500 руб. - 7 000 руб.
2024-06-05,Sunlight,1.44,8919.0,БК СЕРЬГИ,6194.0,"Цены ниже! Ещё -15%, код: НОЧЬ до 11:00",https://sunlight.net/catalog/earring_244119.html,6 000 руб. - 6 500 руб.
2024-06-05,Sunlight,2.05,11894.0,БК СЕРЬГИ,5802.0,"Цены ниже! Ещё -15%, код: НОЧЬ до 11:00",https://sunlight.net/catalog/earring_314496.html,5 500 руб. - 6 000 руб.
2024-06-05,Sunlight,2.48,16374.0,БК СЕРЬГИ,6602.0,"Цены ниже! Ещё -10%, код: НОЧЬ до 11:00",https://sunlight.net/catalog/earring_279386.html,6 500 руб. - 7 000 руб.
2024-06-05,Sunlight,4.31,32719.0,БК СЕРЬГИ,7591.0,"Цены ниже! Ещё -15%, код: НОЧЬ до 11:00",https://sunlight.net/catalog/earring_331968.html,7 000 руб. - 8 000 руб.
2024-06-05,Sunlight,3.53,20784.0,БК СЕРЬГИ,5888.0,"Цены ниже! Ещё -10%, код: НОЧЬ до 11:00",https://sunlight.net/catalog/earring_354846.html,5 500 руб. - 6 000 руб.
2024-06-05,Sunlight,4.01,23304.0,БК СЕРЬГИ,5811.0,"Цены ниже! Ещё -10%, код: НОЧЬ до 11:00",https://sunlight.net/catalog/earring_354887.html,5 500 руб. - 6 000 руб.
2024-06-05,Sunlight,25.94,150193.0,ЦБ ЦЕПИ,5790.0,ХИТ-цена,https://sunlight.net/catalog/chains_51594.html,5 500 руб. - 6 000 руб.
2024-06-05,Sunlight,1.77,11099.0,БК КОЛЬЦА,6271.0,"Цены ниже! Ещё -20%, код: НОЧЬ до 11:00",https://sunlight.net/catalog/ring_330984.html,6 000 руб. - 6 500 руб.
2024-06-05,Sunlight,1.66,13084.0,БК СЕРЬГИ,7882.0,"Цены ниже! Ещё -15%, код: НОЧЬ до 11:00",https://sunlight.net/catalog/earring_335809.html,7 000 руб. - 8 000 руб.
2024-06-05,Sunlight,0.99,8324.0,БК ПОДВЕС ДЕКОР,8408.0,"Цены ниже! Ещё -15%, код: НОЧЬ до 11:00",https://sunlight.net/catalog/pendants_354916.html,8 000 руб. - 9 000 руб.
2024-06-05,Sunlight,1.57,9246.0,БК КОЛЬЦА,5889.0,"Цены ниже! Ещё -15%, код: НОЧЬ до 11:00",https://sunlight.net/catalog/ring_348522.html,5 500 руб. - 6 000 руб.
2024-06-05,Sunlight,3.24,20784.0,БК СЕРЬГИ,6415.0,"Цены ниже! Ещё -10%, код: НОЧЬ до 11:00",https://sunlight.net/catalog/earring_248698.html,6 000 руб. - 6 500 руб.
2024-06-05,Sunlight,4.33,25194.0,БК СЕРЬГИ,5818.0,"Цены ниже! Ещё -10%, код: НОЧЬ до 11:00",https://sunlight.net/catalog/earring_991113.html,5 500 руб. - 6 000 руб.
2024-06-05,Sunlight,0.59,4159.0,БК ПОДВЕС ДЕКОР,7049.0,"Цены ниже! Ещё -15%, код: НОЧЬ до 11:00",https://sunlight.net/catalog/pendants_335864.html,7 000 руб. - 8 000 руб.
2024-06-05,Sunlight,1.4,8324.0,БК СЕРЬГИ,5946.0,"Цены ниже! Ещё -15%, код: НОЧЬ до 11:00",https://sunlight.net/catalog/earring_988514.html,5 500 руб. - 6 000 руб.
2024-06-05,Sunlight,0.93,5664.0,БК СЕРЬГИ,6090.0,"Цены ниже! Ещё -10%, код: НОЧЬ до 11:00",https://sunlight.net/catalog/earring_352443.html,6 000 руб. - 6 500 руб.
2024-06-05,Sunlight,4.26,25767.0,БК КОЛЬЦА,6049.0,"Цены ниже! Ещё -10%, код: НОЧЬ до 11:00",https://sunlight.net/catalog/ring_349024.html,6 000 руб. - 6 500 руб.
2024-06-05,Sunlight,1.98,11964.0,БК СЕРЬГИ,6042.0,"Цены ниже! Ещё -10%, код: НОЧЬ до 11:00",https://sunlight.net/catalog/earring_273340.html,6 000 руб. - 6 500 руб.
2024-06-05,Sunlight,1.01,5979.0,БК СЕРЬГИ,5920.0,"Цены ниже! Ещё -10%, код: НОЧЬ до 11:00",https://sunlight.net/catalog/earring_351818.html,5 500 руб. - 6 000 руб.
2024-06-05,Sunlight,0.95,7432.0,БК СЕРЬГИ,7823.0,"Цены ниже! Ещё -15%, код: НОЧЬ до 11:00",https://sunlight.net/catalog/earring_166975.html,7 000 руб. - 8 000 руб.
2024-06-05,Sunlight,7.33,51237.0,ЦБ БРАСЛЕТЫ,6990.0,ХИТ-цена,https://sunlight.net/catalog/bracelets_111021.html,6 500 руб. - 7 000 руб.
2024-06-05,Sunlight,4.33,24990.0,БК КОЛЬЦА,5771.0,"Цены ниже! Ещё -15%, код: НОЧЬ до 11:00",https://sunlight.net/catalog/ring_356049.html,5 500 руб. - 6 000 руб.
2024-06-05,Sunlight,1.32,7384.0,БК КОЛЬЦА,5594.0,"Цены ниже! Ещё -15%, код: НОЧЬ до 11:00",https://sunlight.net/catalog/ring_282737.html,5 500 руб. - 6 000 руб.
2024-06-05,Sunlight,2.55,15422.0,БК КОЛЬЦА,6048.0,"Цены ниже! Ещё -10%, код: НОЧЬ до 11:00",https://sunlight.net/catalog/ring_353556.html,6 000 руб. - 6 500 руб.
2024-06-05,Sunlight,1.56,11894.0,БК СЕРЬГИ,7624.0,"Цены ниже! Ещё -15%, код: НОЧЬ до 11:00",https://sunlight.net/catalog/earring_260976.html,7 000 руб. - 8 000 руб.
2024-06-05,Sunlight,2.0,11964.0,БК ПОДВЕС ДЕКОР,5982.0,"Цены ниже! Ещё -10%, код: НОЧЬ до 11:00",https://sunlight.net/catalog/pendants_992363.html,5 500 руб. - 6 000 руб.
2024-06-05,Sunlight,1.32,9623.0,ЦБ БРАСЛЕТЫ,7290.0,ХИТ-цена,https://sunlight.net/catalog/bracelets_87707.html,7 000 руб. - 8 000 руб.
2024-06-05,Sunlight,1.71,10243.0,ЦБ БРАСЛЕТЫ,5990.0,ХИТ-цена,https://sunlight.net/catalog/bracelets_214712.html,5 500 руб. - 6 000 руб.
2024-06-05,Sunlight,5.09,28860.0,ЦБ БРАСЛЕТЫ,5670.0,"Цены ниже! Ещё -10%, код: НОЧЬ до 11:00",https://sunlight.net/catalog/bracelets_336245.html,5 500 руб. - 6 000 руб.
2024-06-05,Sunlight,0.7,5052.0,БК ПОДВЕС ДЕКОР,7217.0,"Цены ниже! Ещё -15%, код: НОЧЬ до 11:00",https://sunlight.net/catalog/pendants_278141.html,7 000 руб. - 8 000 руб.
2024-06-05,Sunlight,2.83,20147.0,БК КОЛЬЦА,7119.0,"Цены ниже! Ещё -10%, код: НОЧЬ до 11:00",https://sunlight.net/catalog/ring_349879.html,7 000 руб. - 8 000 руб.
2024-06-05,Sunlight,2.77,20819.0,БК СЕРЬГИ,7516.0,"Цены ниже! Ещё -15%, код: НОЧЬ до 11:00",https://sunlight.net/catalog/earring_242627.html,7 000 руб. - 8 000 руб.
2024-06-05,Sunlight,3.24,25106.0,БК КОЛЬЦА,7749.0,"Цены ниже! Ещё -10%, код: НОЧЬ до 11:00",https://sunlight.net/catalog/ring_353386.html,7 000 руб. - 8 000 руб.
2024-06-05,Sunlight,1.69,10074.0,БК ПОДВЕС ДЕКОР,5961.0,"Цены ниже! Ещё -10%, код: НОЧЬ до 11:00",https://sunlight.net/catalog/pendants_187651.html,5 500 руб. - 6 000 руб.
2024-06-05,Sunlight,2.13,11964.0,БК ПОДВЕС КУЛЬТ,5617.0,"Цены ниже! Ещё -10%, код: НОЧЬ до 11:00",https://sunlight.net/catalog/ikons_349874.html,5 500 руб. - 6 000 руб.
2024-06-05,Sunlight,1.8,10422.0,ЦБ ЦЕПИ,5790.0,ХИТ-цена,https://sunlight.net/catalog/chains_330197.html,5 500 руб. - 6 000 руб.
2024-06-05,Sunlight,0.64,4474.0,БК ПОДВЕС ДЕКОР,6991.0,"Цены ниже! Ещё -20%, код: НОЧЬ до 11:00",https://sunlight.net/catalog/pendants_349112.html,6 500 руб. - 7 000 руб.
2024-06-05,Sunlight,0.6,4719.0,БК СЕРЬГИ,7865.0,"Цены ниже! Ещё -10%, код: НОЧЬ до 11:00",https://sunlight.net/catalog/one_earring_342046.html,7 000 руб. - 8 000 руб.
2024-06-05,Sunlight,2.33,18264.0,БК СЕРЬГИ,7839.0,"Цены ниже! Ещё -10%, код: НОЧЬ до 11:00",https://sunlight.net/catalog/earring_329423.html,7 000 руб. - 8 000 руб.
2024-06-05,Sunlight,0.66,5034.0,БК СЕРЬГИ,7627.0,"Цены ниже! Ещё -20%, код: НОЧЬ до 11:00",https://sunlight.net/catalog/earring_343438.html,7 000 руб. - 8 000 руб.
2024-06-05,Sunlight,2.24,14484.0,БК СЕРЬГИ,6466.0,"Цены ниже! Ещё -10%, код: НОЧЬ до 11:00",https://sunlight.net/catalog/earring_318784.html,6 000 руб. - 6 500 руб.
2024-06-05,Sunlight,2.87,17004.0,БК СЕРЬГИ,5925.0,"Цены ниже! Ещё -10%, код: НОЧЬ до 11:00",https://sunlight.net/catalog/earring_242460.html,5 500 руб. - 6 000 руб.
2024-06-05,Sunlight,1.37,8027.0,БК СЕРЬГИ,5859.0,"Цены ниже! Ещё -15%, код: НОЧЬ до 11:00",https://sunlight.net/catalog/earring_339685.html,5 500 руб. - 6 000 руб.
2024-06-05,Sunlight,3.94,22586.0,БК КОЛЬЦА,5732.0,"Цены ниже! Ещё -10%, код: НОЧЬ до 11:00",https://sunlight.net/catalog/ring_991947.html,5 500 руб. - 6 000 руб.
2024-06-05,Sunlight,3.44,19524.0,БК СЕРЬГИ,5676.0,"Цены ниже! Ещё -10%, код: НОЧЬ до 11:00",https://sunlight.net/catalog/earring_343548.html,5 500 руб. - 6 000 руб.
2024-06-05,Sunlight,0.82,6142.0,ЦБ БРАСЛЕТЫ,7490.0,ХИТ-цена,https://sunlight.net/catalog/bracelets_326573.html,7 000 руб. - 8 000 руб.
2024-06-05,Sunlight,3.42,20784.0,БК СЕРЬГИ,6077.0,"Цены ниже! Ещё -10%, код: НОЧЬ до 11:00",https://sunlight.net/catalog/earring_348519.html,6 000 руб. - 6 500 руб.
2024-06-05,Sunlight,2.44,17354.0,БК СЕРЬГИ,7112.0,"Цены ниже! Ещё -20%, код: НОЧЬ до 11:00",https://sunlight.net/catalog/earring_343342.html,7 000 руб. - 8 000 руб.
2024-06-05,Sunlight,1.21,8568.0,БК КОЛЬЦА,7081.0,"Цены ниже! Ещё -15%, код: НОЧЬ до 11:00",https://sunlight.net/catalog/ring_338926.html,7 000 руб. - 8 000 руб.
2024-06-05,Sunlight,1.99,11283.0,БК КОЛЬЦА,5670.0,"Цены ниже! Ещё -10%, код: НОЧЬ до 11:00",https://sunlight.net/catalog/ring_353861.html,5 500 руб. - 6 000 руб.
2024-06-05,Sunlight,3.31,20154.0,БК СЕРЬГИ,6089.0,"Цены ниже! Ещё -10%, код: НОЧЬ до 11:00",https://sunlight.net/catalog/earring_341243.html,6 000 руб. - 6 500 руб.
2024-06-05,Sunlight,2.49,15114.0,БК СЕРЬГИ,6070.0,"Цены ниже! Ещё -10%, код: НОЧЬ до 11:00",https://sunlight.net/catalog/earring_348239.html,6 000 руб. - 6 500 руб.
2024-06-05,Sunlight,1.27,9514.0,БК СЕРЬГИ,7491.0,"Цены ниже! Ещё -15%, код: НОЧЬ до 11:00",https://sunlight.net/catalog/earring_167009.html,7 000 руб. - 8 000 руб.
2024-06-05,Sunlight,1.65,11964.0,БК СЕРЬГИ,7251.0,"Цены ниже! Ещё -10%, код: НОЧЬ до 11:00",https://sunlight.net/catalog/earring_99785.html,7 000 руб. - 8 000 руб.
2024-06-05,Sunlight,1.49,10728.0,БК КОЛЬЦА,7200.0,"Цены ниже! Ещё -15%, код: НОЧЬ до 11:00",https://sunlight.net/catalog/ring_349844.html,7 000 руб. - 8 000 руб.
2024-06-05,Sunlight,2.45,19629.0,БК СЕРЬГИ,8012.0,"Цены ниже! Ещё -15%, код: НОЧЬ до 11:00",https://sunlight.net/catalog/earring_344964.html,8 000 руб. - 9 000 руб.
2024-06-05,Sunlight,3.72,26769.0,БК СЕРЬГИ,7196.0,"Цены ниже! Ещё -15%, код: НОЧЬ до 11:00",https://sunlight.net/catalog/earring_278072.html,7 000 руб. - 8 000 руб.
2024-06-05,Sunlight,6.06,40454.0,БК СЕРЬГИ,6676.0,"Цены ниже! Ещё -15%, код: НОЧЬ до 11:00",https://sunlight.net/catalog/earring_346494.html,6 500 руб. - 7 000 руб.
2024-06-05,Sunlight,2.25,13854.0,БК ПОДВЕС КУЛЬТ,6157.0,"Цены ниже! Ещё -10%, код: НОЧЬ до 11:00",https://sunlight.net/catalog/pendants_108914.html,6 000 руб. - 6 500 руб.
2024-06-05,Sunlight,0.92,5664.0,БК СЕРЬГИ,6157.0,"Цены ниже! Ещё -10%, код: НОЧЬ до 11:00",https://sunlight.net/catalog/earring_245345.html,6 000 руб. - 6 500 руб.
2024-06-05,Sunlight,1.02,7239.0,БК ПОДВЕС КУЛЬТ,7097.0,"Цены ниже! Ещё -10%, код: НОЧЬ до 11:00",https://sunlight.net/catalog/pendants_353123.html,7 000 руб. - 8 000 руб.
2024-06-05,Sunlight,3.29,18894.0,БК СЕРЬГИ,5743.0,"Цены ниже! Ещё -10%, код: НОЧЬ до 11:00",https://sunlight.net/catalog/earring_991540.html,5 500 руб. - 6 000 руб.
2024-06-05,Sunlight,1.99,11754.0,БК СЕРЬГИ,5907.0,"Цены ниже! Ещё -20%, код: НОЧЬ до 11:00",https://sunlight.net/catalog/earring_244005.html,5 500 руб. - 6 000 руб.
2024-06-05,Sunlight,3.86,22009.0,БК СЕРЬГИ,5702.0,"Цены ниже! Ещё -15%, код: НОЧЬ до 11:00",https://sunlight.net/catalog/earring_356052.html,5 500 руб. - 6 000 руб.
2024-06-05,Sunlight,4.56,28762.0,БК КОЛЬЦА ОБРУЧ,6307.0,"Цены ниже! Ещё -15%, код: НОЧЬ до 11:00",https://sunlight.net/catalog/ring_130385.html,6 000 руб. - 6 500 руб.
2024-06-05,Sunlight,0.79,4754.0,БК ПОДВЕС ДЕКОР,6018.0,"Цены ниже! Ещё -15%, код: НОЧЬ до 11:00",https://sunlight.net/catalog/pendants_58725.html,6 000 руб. - 6 500 руб.
2024-06-05,Sunlight,1.94,14274.0,БК СЕРЬГИ,7358.0,"Цены ниже! Ещё -15%, код: НОЧЬ до 11:00",https://sunlight.net/catalog/earring_96839.html,7 000 руб. - 8 000 руб.
2024-06-05,Sunlight,1.36,8324.0,БК СЕРЬГИ,6121.0,"Цены ниже! Ещё -15%, код: НОЧЬ до 11:00",https://sunlight.net/catalog/earring_275480.html,6 000 руб. - 6 500 руб.
2024-06-05,Sunlight,1.59,9514.0,БК ПОДВЕС ДЕКОР,5984.0,"Цены ниже! Ещё -15%, код: НОЧЬ до 11:00",https://sunlight.net/catalog/pendants_333437.html,5 500 руб. - 6 000 руб.
2024-06-05,Sunlight,2.08,16234.0,БК СЕРЬГИ,7805.0,"Цены ниже! Ещё -20%, код: НОЧЬ до 11:00",https://sunlight.net/catalog/earring_266590.html,7 000 руб. - 8 000 руб.
2024-06-05,Sunlight,1.92,14484.0,БК ПОДВЕС КУЛЬТ,7544.0,"Цены ниже! Ещё -10%, код: НОЧЬ до 11:00",https://sunlight.net/catalog/pendants_350934.html,7 000 руб. - 8 000 руб.
2024-06-05,Sunlight,4.51,25579.0,БК СЕРЬГИ,5672.0,"Цены ниже! Ещё -15%, код: НОЧЬ до 11:00",https://sunlight.net/catalog/earring_354018.html,5 500 руб. - 6 000 руб.
2024-06-05,Sunlight,7.77,59829.0,ЦБ ЦЕПИ,7700.0,нет скидочного купона,https://sunlight.net/catalog/chains_343473.html,7 000 руб. - 8 000 руб.
2024-06-05,Sunlight,5.57,36495.0,ЦБ БРАСЛЕТЫ,6552.0,"Цены ниже! Ещё -20%, код: НОЧЬ до 11:00",https://sunlight.net/catalog/bracelets_88029.html,6 500 руб. - 7 000 руб.
2024-06-05,Sunlight,2.21,17249.0,БК СЕРЬГИ,7805.0,"Цены ниже! Ещё -15%, код: НОЧЬ до 11:00",https://sunlight.net/catalog/earring_51459.html,7 000 руб. - 8 000 руб.
2024-06-05,Sunlight,2.51,19629.0,БК СЕРЬГИ,7820.0,"Цены ниже! Ещё -15%, код: НОЧЬ до 11:00",https://sunlight.net/catalog/earring_353853.html,7 000 руб. - 8 000 руб.
2024-06-05,Sunlight,1.16,8499.0,БК ПОДВЕС ДЕКОР,7327.0,"Цены ниже! Ещё -10%, код: НОЧЬ до 11:00",https://sunlight.net/catalog/pendants_271347.html,7 000 руб. - 8 000 руб.
2024-06-05,Sunlight,1.34,8324.0,БК СЕРЬГИ,6212.0,"Цены ниже! Ещё -15%, код: НОЧЬ до 11:00",https://sunlight.net/catalog/earring_339686.html,6 000 руб. - 6 500 руб.
2024-06-05,Sunlight,3.28,20456.0,БК КОЛЬЦА,6237.0,"Цены ниже! Ещё -10%, код: НОЧЬ до 11:00",https://sunlight.net/catalog/ring_90641.html,6 000 руб. - 6 500 руб.
2024-06-05,Sunlight,2.12,12153.0,БК КОЛЬЦА,5733.0,"Цены ниже! Ещё -10%, код: НОЧЬ до 11:00",https://sunlight.net/catalog/ring_329425.html,5 500 руб. - 6 000 руб.
2024-06-05,Sunlight,2.46,17634.0,БК СЕРЬГИ,7168.0,"Цены ниже! Ещё -10%, код: НОЧЬ до 11:00",https://sunlight.net/catalog/earring_353550.html,7 000 руб. - 8 000 руб.
2024-06-05,Sunlight,4.5,25232.0,БК КОЛЬЦА,5607.0,"Цены ниже! Ещё -10%, код: НОЧЬ до 11:00",https://sunlight.net/catalog/ring_343366.html,5 500 руб. - 6 000 руб.
2024-06-05,Sunlight,15.6,101244.0,ЦБ ЦЕПИ,6490.0,ХИТ-цена,https://sunlight.net/catalog/chains_54716.html,6 000 руб. - 6 500 руб.
2024-06-05,Sunlight,1.44,11299.0,БК СЕРЬГИ,7847.0,"Цены ниже! Ещё -15%, код: НОЧЬ до 11:00",https://sunlight.net/catalog/earring_93192.html,7 000 руб. - 8 000 руб.
2024-06-05,Sunlight,2.25,13224.0,БК СЕРЬГИ,5877.0,"Цены ниже! Ещё -10%, код: НОЧЬ до 11:00",https://sunlight.net/catalog/earring_348612.html,5 500 руб. - 6 000 руб.
2024-06-05,Sunlight,1.33,7541.0,БК КОЛЬЦА,5670.0,"Цены ниже! Ещё -10%, код: НОЧЬ до 11:00",https://sunlight.net/catalog/ring_354905.html,5 500 руб. - 6 000 руб.
2024-06-05,Sunlight,0.94,5664.0,БК СЕРЬГИ,6026.0,"Цены ниже! Ещё -10%, код: НОЧЬ до 11:00",https://sunlight.net/catalog/earring_352444.html,6 000 руб. - 6 500 руб.
2024-06-05,Sunlight,1.88,10779.0,БК КОЛЬЦА,5734.0,"Цены ниже! Ещё -10%, код: НОЧЬ до 11:00",https://sunlight.net/catalog/ring_993790.html,5 500 руб. - 6 000 руб.
2024-06-05,Sunlight,1.23,7729.0,БК СЕРЬГИ,6284.0,"Цены ниже! Ещё -15%, код: НОЧЬ до 11:00",https://sunlight.net/catalog/earring_167012.html,6 000 руб. - 6 500 руб.
2024-06-05,Sunlight,4.85,32754.0,БК ПОДВЕС ДЕКОР,6753.0,"Цены ниже! Ещё -10%, код: НОЧЬ до 11:00",https://sunlight.net/catalog/pendants_988790.html,6 500 руб. - 7 000 руб.
2024-06-05,Sunlight,1.12,6350.0,БК КОЛЬЦА,5670.0,"Цены ниже! Ещё -10%, код: НОЧЬ до 11:00",https://sunlight.net/catalog/ring_338924.html,5 500 руб. - 6 000 руб.
2024-06-05,Sunlight,3.64,28356.0,ЦБ ЦЕПИ,7790.0,ХИТ-цена,https://sunlight.net/catalog/chains_82836.html,7 000 руб. - 8 000 руб.
2024-06-05,Sunlight,5.29,30297.0,ЦБ БРАСЛЕТЫ,5727.0,"Цены ниже! Ещё -10%, код: НОЧЬ до 11:00",https://sunlight.net/catalog/bracelets_314457.html,5 500 руб. - 6 000 руб.
2024-06-05,Sunlight,1.19,8639.0,БК КОЛЬЦА,7260.0,"Цены ниже! Ещё -15%, код: НОЧЬ до 11:00",https://sunlight.net/catalog/ring_992003.html,7 000 руб. - 8 000 руб.
2024-06-05,Sunlight,3.48,25213.0,БК КОЛЬЦА,7245.0,"Цены ниже! Ещё -10%, код: НОЧЬ до 11:00",https://sunlight.net/catalog/ring_349883.html,7 000 руб. - 8 000 руб.
2024-06-05,Sunlight,1.17,8919.0,БК ПОДВЕС ДЕКОР,7623.0,"Цены ниже! Ещё -15%, код: НОЧЬ до 11:00",https://sunlight.net/catalog/pendants_993625.html,7 000 руб. - 8 000 руб.
2024-06-05,Sunlight,2.55,15114.0,БК СЕРЬГИ,5927.0,"Цены ниже! Ещё -10%, код: НОЧЬ до 11:00",https://sunlight.net/catalog/earring_349266.html,5 500 руб. - 6 000 руб.
2024-06-05,Sunlight,0.14,834.0,БК СЕРЬГИ,5957.0,"Цены ниже! Ещё -20%, код: НОЧЬ до 11:00",https://sunlight.net/catalog/piercing_267060.html,5 500 руб. - 6 000 руб.
2024-06-05,Sunlight,2.35,13007.0,БК КОЛЬЦА,5535.0,"Цены ниже! Ещё -15%, код: НОЧЬ до 11:00",https://sunlight.net/catalog/ring_329429.html,5 500 руб. - 6 000 руб.
2024-06-05,Sunlight,2.29,13224.0,БК СЕРЬГИ,5775.0,"Цены ниже! Ещё -10%, код: НОЧЬ до 11:00",https://sunlight.net/catalog/earring_336134.html,5 500 руб. - 6 000 руб.
2024-06-05,Sunlight,2.95,17634.0,БК СЕРЬГИ,5978.0,"Цены ниже! Ещё -10%, код: НОЧЬ до 11:00",https://sunlight.net/catalog/earring_353478.html,5 500 руб. - 6 000 руб.
2024-06-05,Sunlight,1.71,11964.0,БК СЕРЬГИ,6996.0,"Цены ниже! Ещё -10%, код: НОЧЬ до 11:00",https://sunlight.net/catalog/earring_300010.html,6 500 руб. - 7 000 руб.
2024-06-05,Sunlight,2.25,13084.0,БК СЕРЬГИ,5815.0,"Цены ниже! Ещё -15%, код: НОЧЬ до 11:00",https://sunlight.net/catalog/earring_248699.html,5 500 руб. - 6 000 руб.
2024-06-05,Sunlight,0.58,4474.0,БК ПОДВЕС ДЕКОР,7714.0,"Цены ниже! Ещё -20%, код: НОЧЬ до 11:00",https://sunlight.net/catalog/pendants_271515.html,7 000 руб. - 8 000 руб.
2024-06-05,Sunlight,1.14,8479.0,БК КОЛЬЦА,7438.0,"Цены ниже! Ещё -15%, код: НОЧЬ до 11:00",https://sunlight.net/catalog/ring_343321.html,7 000 руб. - 8 000 руб.
2024-06-05,Sunlight,0.76,6154.0,БК СЕРЬГИ,8097.0,"Цены ниже! Ещё -20%, код: НОЧЬ до 11:00",https://sunlight.net/catalog/earring_348357.html,8 000 руб. - 9 000 руб.
2024-06-05,Sunlight,4.3,34675.0,БК КОЛЬЦА,8064.0,"Цены ниже! Ещё -10%, код: НОЧЬ до 11:00",https://sunlight.net/catalog/ring_348526.html,8 000 руб. - 9 000 руб.
2024-06-05,Sunlight,1.48,9514.0,БК СЕРЬГИ,6428.0,"Цены ниже! Ещё -15%, код: НОЧЬ до 11:00",https://sunlight.net/catalog/earring_304120.html,6 000 руб. - 6 500 руб.
2024-06-05,Sunlight,0.82,4754.0,БК СЕРЬГИ,5798.0,"Цены ниже! Ещё -15%, код: НОЧЬ до 11:00",https://sunlight.net/catalog/earring_267535.html,5 500 руб. - 6 000 руб.
2024-06-05,Sunlight,1.07,8394.0,БК ПОДВЕС КУЛЬТ,7845.0,"Цены ниже! Ещё -20%, код: НОЧЬ до 11:00",https://sunlight.net/catalog/pendants_350932.html,7 000 руб. - 8 000 руб.
2024-06-05,Sunlight,0.97,5979.0,БК СЕРЬГИ,6164.0,"Цены ниже! Ещё -10%, код: НОЧЬ до 11:00",https://sunlight.net/catalog/earring_353705.html,6 000 руб. - 6 500 руб.
2024-06-05,Sunlight,1.67,11193.0,БК СЕРЬГИ,6702.0,"Цены ниже! Ещё -5%, код: НОЧЬ до 11:00",https://sunlight.net/catalog/earring_992640.html,6 500 руб. - 7 000 руб.
2024-06-05,Sunlight,1.33,8324.0,БК СЕРЬГИ,6259.0,"Цены ниже! Ещё -15%, код: НОЧЬ до 11:00",https://sunlight.net/catalog/earring_167013.html,6 000 руб. - 6 500 руб.
2024-06-05,Sunlight,11.42,74116.0,ЦБ ЦЕПИ,6490.0,ХИТ-цена,https://sunlight.net/catalog/chains_82871.html,6 000 руб. - 6 500 руб.
2024-06-05,Sunlight,1.76,9979.0,БК КОЛЬЦА,5670.0,"Цены ниже! Ещё -10%, код: НОЧЬ до 11:00",https://sunlight.net/catalog/ring_344024.html,5 500 руб. - 6 000 руб.
2024-06-05,Sunlight,25.3,133837.0,ЦБ БРАСЛЕТЫ,5290.0,ХИТ-цена,https://sunlight.net/catalog/bracelets_278722.html,до 5 500 руб.
2024-06-05,Sunlight,4.35,30797.0,ЦБ БРАСЛЕТЫ,7080.0,"Цены ниже! Ещё -15%, код: НОЧЬ до 11:00",https://sunlight.net/catalog/bracelets_336257.html,7 000 руб. - 8 000 руб.
2024-06-05,Sunlight,0.47,4159.0,БК СЕРЬГИ,8849.0,"Цены ниже! Ещё -15%, код: НОЧЬ до 11:00",https://sunlight.net/catalog/one_earring_349928.html,8 000 руб. - 9 000 руб.
2024-06-05,Sunlight,1.9,16059.0,БК СЕРЬГИ,8452.0,"Цены ниже! Ещё -15%, код: НОЧЬ до 11:00",https://sunlight.net/catalog/earring_345691.html,8 000 руб. - 9 000 руб.
2024-06-05,Sunlight,1.22,7432.0,БК СЕРЬГИ,6092.0,"Цены ниже! Ещё -15%, код: НОЧЬ до 11:00",https://sunlight.net/catalog/earring258070.html,6 000 руб. - 6 500 руб.
2024-06-05,Sunlight,2.05,12594.0,БК СЕРЬГИ,6143.0,"Цены ниже! Ещё -10%, код: НОЧЬ до 11:00",https://sunlight.net/catalog/earring_276978.html,6 000 руб. - 6 500 руб.
2024-06-05,Sunlight,3.44,19608.0,БК КОЛЬЦА,5700.0,ХИТ-цена,https://sunlight.net/catalog/ring_354837.html,5 500 руб. - 6 000 руб.
2024-06-05,Sunlight,1.88,12977.0,БК КОЛЬЦА,6903.0,"Цены ниже! Ещё -15%, код: НОЧЬ до 11:00",https://sunlight.net/catalog/ring_251029.html,6 500 руб. - 7 000 руб.
2024-06-05,Sunlight,5.99,39054.0,БК СЕРЬГИ,6520.0,"Цены ниже! Ещё -10%, код: НОЧЬ до 11:00",https://sunlight.net/catalog/earring_349020.html,6 500 руб. - 7 000 руб.
2024-06-05,Sunlight,1.49,11299.0,БК ПОДВЕС ДЕКОР,7583.0,"Цены ниже! Ещё -15%, код: НОЧЬ до 11:00",https://sunlight.net/catalog/pendants_333540.html,7 000 руб. - 8 000 руб.
2024-06-05,Sunlight,1.64,10074.0,БК СЕРЬГИ,6143.0,"Цены ниже! Ещё -10%, код: НОЧЬ до 11:00",https://sunlight.net/catalog/earring_275481.html,6 000 руб. - 6 500 руб.
2024-06-05,Sunlight,2.04,11287.0,БК КОЛЬЦА,5533.0,"Цены ниже! Ещё -15%, код: НОЧЬ до 11:00",https://sunlight.net/catalog/ring_330999.html,5 500 руб. - 6 000 руб.
2024-06-05,Sunlight,3.58,21414.0,БК СЕРЬГИ,5982.0,"Цены ниже! Ещё -10%, код: НОЧЬ до 11:00",https://sunlight.net/catalog/earring_336616.html,5 500 руб. - 6 000 руб.
2024-06-05,Sunlight,2.12,14395.0,ЦБ ЦЕПИ,6790.0,ХИТ-цена,https://sunlight.net/catalog/chains_103896.html,6 500 руб. - 7 000 руб.
2024-06-05,Sunlight,2.21,15910.0,ЦБ БРАСЛЕТЫ,7199.0,"Цены ниже! Ещё -15%, код: НОЧЬ до 11:00",https://sunlight.net/catalog/bracelets_325635.html,7 000 руб. - 8 000 руб.
2024-06-05,Sunlight,61.44,337306.0,ЦБ ЦЕПИ,5490.0,ХИТ-цена,https://sunlight.net/catalog/chains_278717.html,до 5 500 руб.
2024-06-05,Sunlight,1.35,10704.0,БК СЕРЬГИ,7929.0,"Цены ниже! Ещё -15%, код: НОЧЬ до 11:00",https://sunlight.net/catalog/earring_336061.html,7 000 руб. - 8 000 руб.
2024-06-05,Sunlight,1.05,8027.0,БК СЕРЬГИ,7645.0,"Цены ниже! Ещё -15%, код: НОЧЬ до 11:00",https://sunlight.net/catalog/earring_351790.html,7 000 руб. - 8 000 руб.
2024-06-05,Sunlight,1.14,6513.0,БК КОЛЬЦА,5713.0,"Цены ниже! Ещё -20%, код: НОЧЬ до 11:00",https://sunlight.net/catalog/ring_349845.html,5 500 руб. - 6 000 руб.
2024-06-05,Sunlight,0.88,5052.0,БК СЕРЬГИ,5741.0,"Цены ниже! Ещё -15%, код: НОЧЬ до 11:00",https://sunlight.net/catalog/earring_344944.html,5 500 руб. - 6 000 руб.
2024-06-05,Sunlight,3.07,18894.0,БК СЕРЬГИ,6154.0,"Цены ниже! Ещё -10%, код: НОЧЬ до 11:00",https://sunlight.net/catalog/earring_351286.html,6 000 руб. - 6 500 руб.
2024-06-05,Sunlight,1.38,8814.0,БК ПОДВЕС ДЕКОР,6387.0,"Цены ниже! Ещё -10%, код: НОЧЬ до 11:00",https://sunlight.net/catalog/pendants_992367.html,6 000 руб. - 6 500 руб.
2024-06-05,Sunlight,0.84,5647.0,БК ПОДВЕС ДЕКОР,6723.0,"Цены ниже! Ещё -15%, код: НОЧЬ до 11:00",https://sunlight.net/catalog/pendants_988781.html,6 500 руб. - 7 000 руб.
2024-06-05,Sunlight,1.33,7869.0,БК СЕРЬГИ,5917.0,"Цены ниже! Ещё -10%, код: НОЧЬ до 11:00",https://sunlight.net/catalog/earring_343324.html,5 500 руб. - 6 000 руб.
2024-06-05,Sunlight,0.91,5647.0,БК ПОДВЕС ДЕКОР,6205.0,"Цены ниже! Ещё -15%, код: НОЧЬ до 11:00",https://sunlight.net/catalog/pendants_341079.html,6 000 руб. - 6 500 руб.
2024-06-05,Sunlight,8.63,62994.0,БК СЕРЬГИ,7299.0,"Цены ниже! Ещё -10%, код: НОЧЬ до 11:00",https://sunlight.net/catalog/earring_996263.html,7 000 руб. - 8 000 руб.
2024-06-05,Sunlight,2.19,13224.0,БК СЕРЬГИ,6038.0,"Цены ниже! Ещё -10%, код: НОЧЬ до 11:00",https://sunlight.net/catalog/earring_992441.html,6 000 руб. - 6 500 руб.
2024-06-05,Sunlight,2.66,15416.0,БК КОЛЬЦА,5795.0,"Цены ниже! Ещё -10%, код: НОЧЬ до 11:00",https://sunlight.net/catalog/ring_353856.html,5 500 руб. - 6 000 руб.
2024-06-05,Sunlight,2.2,13224.0,БК СЕРЬГИ,6011.0,"Цены ниже! Ещё -10%, код: НОЧЬ до 11:00",https://sunlight.net/catalog/earring_276980.html,6 000 руб. - 6 500 руб.
2024-06-05,Sunlight,2.57,15744.0,БК ПОДВЕС ДЕКОР,6126.0,"Цены ниже! Ещё -10%, код: НОЧЬ до 11:00",https://sunlight.net/catalog/pendants_354478.html,6 000 руб. - 6 500 руб.
2024-06-05,Sunlight,2.31,13679.0,БК СЕРЬГИ,5922.0,"Цены ниже! Ещё -15%, код: НОЧЬ до 11:00",https://sunlight.net/catalog/earring_331923.html,5 500 руб. - 6 000 руб.
2024-06-05,Sunlight,6.62,42964.0,ЦБ ЦЕПИ,6490.0,ХИТ-цена,https://sunlight.net/catalog/chains_104755.html,6 000 руб. - 6 500 руб.
2024-06-05,Sunlight,1.63,9343.0,ЦБ БРАСЛЕТЫ,5732.0,"Цены ниже! Ещё -10%, код: НОЧЬ до 11:00",https://sunlight.net/catalog/bracelets_110527.html,5 500 руб. - 6 000 руб.
2024-06-05,Sunlight,2.23,12928.0,ЦБ БРАСЛЕТЫ,5797.0,"Цены ниже! Ещё -10%, код: НОЧЬ до 11:00",https://sunlight.net/catalog/bracelets_105105.html,5 500 руб. - 6 000 руб.
2024-06-05,Sunlight,2.45,16618.0,БК КОЛЬЦА ОБРУЧ,6783.0,"Цены ниже! Ещё -15%, код: НОЧЬ до 11:00",https://sunlight.net/catalog/ring_984582.html,6 500 руб. - 7 000 руб.
2024-06-05,Sunlight,6.82,51514.0,БК ПОДВЕС КУЛЬТ,7553.0,"Цены ниже! Ещё -20%, код: НОЧЬ до 11:00",https://sunlight.net/catalog/pendants_93912.html,7 000 руб. - 8 000 руб.
2024-06-05,Sunlight,1.22,9514.0,БК СЕРЬГИ,7798.0,"Цены ниже! Ещё -15%, код: НОЧЬ до 11:00",https://sunlight.net/catalog/earring_983989.html,7 000 руб. - 8 000 руб.
2024-06-05,Sunlight,3.43,20784.0,БК СЕРЬГИ,6059.0,"Цены ниже! Ещё -10%, код: НОЧЬ до 11:00",https://sunlight.net/catalog/earring_111405.html,6 000 руб. - 6 500 руб.
2024-06-05,Sunlight,2.89,16569.0,БК КОЛЬЦА,5733.0,"Цены ниже! Ещё -10%, код: НОЧЬ до 11:00",https://sunlight.net/catalog/ring_99555.html,5 500 руб. - 6 000 руб.
2024-06-05,Sunlight,1.0,5647.0,БК СЕРЬГИ,5647.0,"Цены ниже! Ещё -15%, код: НОЧЬ до 11:00",https://sunlight.net/catalog/earring_92860.html,5 500 руб. - 6 000 руб.
2024-06-05,Sunlight,2.17,13854.0,БК СЕРЬГИ,6384.0,"Цены ниже! Ещё -10%, код: НОЧЬ до 11:00",https://sunlight.net/catalog/earring_348039.html,6 000 руб. - 6 500 руб.
2024-06-05,Sunlight,0.19,1226.0,БК СЕРЬГИ,6453.0,"Цены ниже! Ещё -20%, код: НОЧЬ до 11:00",https://sunlight.net/catalog/piercing_254925.html,6 000 руб. - 6 500 руб.
2024-06-05,Sunlight,6.3,40887.0,ЦБ ЦЕПИ,6490.0,ХИТ-цена,https://sunlight.net/catalog/chains_82838.html,6 000 руб. - 6 500 руб.
2024-06-05,Sunlight,3.32,19223.0,ЦБ БРАСЛЕТЫ,5790.0,ХИТ-цена,https://sunlight.net/catalog/bracelets_209388.html,5 500 руб. - 6 000 руб.
2024-06-05,Sunlight,1.1,7432.0,БК СЕРЬГИ,6756.0,"Цены ниже! Ещё -15%, код: НОЧЬ до 11:00",https://sunlight.net/catalog/earring_278041.html,6 500 руб. - 7 000 руб.
2024-06-05,Sunlight,1.73,10109.0,БК СЕРЬГИ,5843.0,"Цены ниже! Ещё -15%, код: НОЧЬ до 11:00",https://sunlight.net/catalog/earring_983981.html,5 500 руб. - 6 000 руб.
2024-06-05,Sunlight,1.31,9663.0,БК КОЛЬЦА,7376.0,"Цены ниже! Ещё -15%, код: НОЧЬ до 11:00",https://sunlight.net/catalog/ring_338929.html,7 000 руб. - 8 000 руб.
2024-06-05,Sunlight,2.24,13084.0,БК СЕРЬГИ,5841.0,"Цены ниже! Ещё -15%, код: НОЧЬ до 11:00",https://sunlight.net/catalog/earring_332288.html,5 500 руб. - 6 000 руб.
2024-06-05,Sunlight,10.93,64394.0,ЦБ БРАСЛЕТЫ,5891.0,"Цены ниже! Ещё -20%, код: НОЧЬ до 11:00",https://sunlight.net/catalog/bracelets_91790.html,5 500 руб. - 6 000 руб.
2024-06-05,Sunlight,1.07,7834.0,БК ПОДВЕС ДЕКОР,7321.0,"Цены ниже! Ещё -20%, код: НОЧЬ до 11:00",https://sunlight.net/catalog/pendants_349353.html,7 000 руб. - 8 000 руб.
2024-06-05,Sunlight,2.3,12896.0,БК КОЛЬЦА,5607.0,"Цены ниже! Ещё -10%, код: НОЧЬ до 11:00",https://sunlight.net/catalog/ring_349847.html,5 500 руб. - 6 000 руб.
2024-06-05,Sunlight,2.16,13084.0,БК СЕРЬГИ,6057.0,"Цены ниже! Ещё -15%, код: НОЧЬ до 11:00",https://sunlight.net/catalog/earring_339692.html,6 000 руб. - 6 500 руб.
2024-06-05,Sunlight,0.89,5647.0,БК ПОДВЕС ДЕКОР,6345.0,"Цены ниже! Ещё -15%, код: НОЧЬ до 11:00",https://sunlight.net/catalog/pendants_353574.html,6 000 руб. - 6 500 руб.
2024-06-05,Sunlight,1.15,6451.0,БК КОЛЬЦА,5610.0,"Цены ниже! Ещё -10%, код: НОЧЬ до 11:00",https://sunlight.net/catalog/ring_331905.html,5 500 руб. - 6 000 руб.
2024-06-05,Sunlight,2.08,14539.0,ЦБ БРАСЛЕТЫ,6990.0,ХИТ-цена,https://sunlight.net/catalog/bracelets_82797.html,6 500 руб. - 7 000 руб.
2024-06-05,Sunlight,1.16,8456.0,ЦБ БРАСЛЕТЫ,7290.0,ХИТ-цена,https://sunlight.net/catalog/bracelets_354497.html,7 000 руб. - 8 000 руб.
2024-06-05,Sunlight,1.96,13457.0,БК КОЛЬЦА ОБРУЧ,6866.0,"Цены ниже! Ещё -10%, код: НОЧЬ до 11:00",https://sunlight.net/catalog/ring_984585.html,6 500 руб. - 7 000 руб.
2024-06-05,Sunlight,2.79,18106.0,БК КОЛЬЦА,6490.0,"Цены ниже! Ещё -10%, код: НОЧЬ до 11:00",https://sunlight.net/catalog/ring_995633.html,6 000 руб. - 6 500 руб.
2024-06-05,Sunlight,0.59,3459.0,БК СЕРЬГИ,5863.0,"Цены ниже! Ещё -10%, код: НОЧЬ до 11:00",https://sunlight.net/catalog/one_earring_235024.html,5 500 руб. - 6 000 руб.
2024-06-05,Sunlight,2.81,15580.0,БК КОЛЬЦА,5544.0,"Цены ниже! Ещё -10%, код: НОЧЬ до 11:00",https://sunlight.net/catalog/ring_335838.html,5 500 руб. - 6 000 руб.
2024-06-05,Sunlight,1.54,8794.0,БК КОЛЬЦА,5710.0,"Цены ниже! Ещё -15%, код: НОЧЬ до 11:00",https://sunlight.net/catalog/ring_328013.html,5 500 руб. - 6 000 руб.
2024-06-05,Sunlight,3.89,29136.0,ЦБ ЦЕПИ,7490.0,ХИТ-цена,https://sunlight.net/catalog/chains_82833.html,7 000 руб. - 8 000 руб.
2024-06-05,Sunlight,1.97,11416.0,БК КОЛЬЦА,5795.0,"Цены ниже! Ещё -10%, код: НОЧЬ до 11:00",https://sunlight.net/catalog/ring_332287.html,5 500 руб. - 6 000 руб.
2024-06-05,Sunlight,11.79,64702.0,ЦБ БРАСЛЕТЫ,5488.0,"Цены ниже! Ещё -20%, код: НОЧЬ до 11:00",https://sunlight.net/catalog/bracelets_91991.html,до 5 500 руб.
2024-06-05,Sunlight,5.14,29761.0,ЦБ ЦЕПИ,5790.0,ХИТ-цена,https://sunlight.net/catalog/chains_89648.html,5 500 руб. - 6 000 руб.
2024-06-05,Sunlight,3.63,22869.0,БК КОЛЬЦА ОБРУЧ,6300.0,"Цены ниже! Ещё -10%, код: НОЧЬ до 11:00",https://sunlight.net/catalog/ring_325881.html,6 000 руб. - 6 500 руб.
2024-06-05,Sunlight,1.11,6432.0,БК КОЛЬЦА,5795.0,"Цены ниже! Ещё -10%, код: НОЧЬ до 11:00",https://sunlight.net/catalog/ring_983990.html,5 500 руб. - 6 000 руб.
2024-06-05,Sunlight,1.5,11334.0,БК ПОДВЕС ДЕКОР,7556.0,"Цены ниже! Ещё -10%, код: НОЧЬ до 11:00",https://sunlight.net/catalog/pendants_271349.html,7 000 руб. - 8 000 руб.
2024-06-05,Sunlight,0.77,5034.0,БК ПОДВЕС КУЛЬТ,6538.0,"Цены ниже! Ещё -10%, код: НОЧЬ до 11:00",https://sunlight.net/catalog/pendants_352092.html,6 500 руб. - 7 000 руб.
2024-06-05,Sunlight,1.81,11334.0,БК СЕРЬГИ,6262.0,"Цены ниже! Ещё -10%, код: НОЧЬ до 11:00",https://sunlight.net/catalog/earring_260982.html,6 000 руб. - 6 500 руб.
2024-06-05,Sunlight,1.54,8616.0,БК КОЛЬЦА,5595.0,"Цены ниже! Ещё -15%, код: НОЧЬ до 11:00",https://sunlight.net/catalog/ring_335088.html,5 500 руб. - 6 000 руб.
2024-06-05,Sunlight,1.57,10704.0,БК СЕРЬГИ,6818.0,"Цены снижены! Ещё -15%, код: СЕГОДНЯ",https://sunlight.net/catalog/earring_260975.html,6 500 руб. - 7 000 руб.
2024-06-05,Sunlight,2.31,13679.0,БК СЕРЬГИ,5922.0,"Цены ниже! Ещё -15%, код: НОЧЬ до 11:00",https://sunlight.net/catalog/earring_90088.html,5 500 руб. - 6 000 руб.
2024-06-05,Sunlight,0.96,5979.0,БК ПОДВЕС ДЕКОР,6228.0,"Цены ниже! Ещё -10%, код: НОЧЬ до 11:00",https://sunlight.net/catalog/pendants_356511.html,6 000 руб. - 6 500 руб.
2024-06-05,Sunlight,2.32,12865.0,БК КОЛЬЦА,5545.0,"Цены ниже! Ещё -10%, код: НОЧЬ до 11:00",https://sunlight.net/catalog/ring_335905.html,5 500 руб. - 6 000 руб.
2024-06-05,Sunlight,2.13,12489.0,БК СЕРЬГИ,5863.0,"Цены ниже! Ещё -15%, код: НОЧЬ до 11:00",https://sunlight.net/catalog/earring_338931.html,5 500 руб. - 6 000 руб.
2024-06-05,Sunlight,3.06,17249.0,БК СЕРЬГИ,5637.0,"Цены ниже! Ещё -15%, код: НОЧЬ до 11:00",https://sunlight.net/catalog/earring_353970.html,5 500 руб. - 6 000 руб.
2024-06-05,Sunlight,1.58,9059.0,БК КОЛЬЦА,5734.0,"Цены ниже! Ещё -10%, код: НОЧЬ до 11:00",https://sunlight.net/catalog/ring_348603.html,5 500 руб. - 6 000 руб.
2024-06-05,Sunlight,6.17,35724.0,ЦБ ЦЕПИ,5790.0,ХИТ-цена,https://sunlight.net/catalog/chains_51845.html,5 500 руб. - 6 000 руб.
2024-06-05,Sunlight,10.06,62850.0,ЦБ БРАСЛЕТЫ,6248.0,"Цены ниже! Ещё -15%, код: НОЧЬ до 11:00",https://sunlight.net/catalog/bracelets_343468.html,6 000 руб. - 6 500 руб.
2024-06-05,Sunlight,7.5,48675.0,ЦБ ЦЕПИ,6490.0,ХИТ-цена,https://sunlight.net/catalog/chains_65267.html,6 000 руб. - 6 500 руб.
2024-06-05,Sunlight,7.49,44566.0,БК КОЛЬЦА ОБРУЧ,5950.0,"Цены ниже! Ещё -15%, код: НОЧЬ до 11:00",https://sunlight.net/catalog/ring_330523.html,5 500 руб. - 6 000 руб.
2024-06-05,Sunlight,0.63,4719.0,БК СЕРЬГИ,7490.0,"Цены ниже! Ещё -10%, код: НОЧЬ до 11:00",https://sunlight.net/catalog/earring_345700.html,7 000 руб. - 8 000 руб.
2024-06-05,Sunlight,0.81,5349.0,БК ПОДВЕС ДЕКОР,6604.0,"Цены ниже! Ещё -10%, код: НОЧЬ до 11:00",https://sunlight.net/catalog/pendants_341078.html,6 500 руб. - 7 000 руб.
2024-06-05,Sunlight,0.46,3144.0,БК СЕРЬГИ,6835.0,"Цены ниже! Ещё -10%, код: НОЧЬ до 11:00",https://sunlight.net/catalog/one_earring_342044.html,6 500 руб. - 7 000 руб.
2024-06-05,Sunlight,2.13,15393.0,БК СЕРЬГИ,7227.0,"Цены ниже! Ещё -5%, код: НОЧЬ до 11:00",https://sunlight.net/catalog/earring_354503.html,7 000 руб. - 8 000 руб.
2024-06-05,Sunlight,6.4,35414.0,БК КОЛЬЦА,5533.0,"Цены ниже! Ещё -15%, код: НОЧЬ до 11:00",https://sunlight.net/catalog/ring_301758.html,5 500 руб. - 6 000 руб.
2024-06-05,Sunlight,0.8,5647.0,БК ПОДВЕС ДЕКОР,7059.0,"Цены ниже! Ещё -15%, код: НОЧЬ до 11:00",https://sunlight.net/catalog/pendants_340367.html,7 000 руб. - 8 000 руб.
2024-06-05,Sunlight,1.3,7869.0,БК СЕРЬГИ,6053.0,"Цены ниже! Ещё -10%, код: НОЧЬ до 11:00",https://sunlight.net/catalog/earring_353564.html,6 000 руб. - 6 500 руб.
2024-06-05,Sunlight,4.02,23808.0,БК КОЛЬЦА,5922.0,"Цены ниже! Ещё -10%, код: НОЧЬ до 11:00",https://sunlight.net/catalog/ring_992225.html,5 500 руб. - 6 000 руб.
2024-06-05,Sunlight,1.92,11964.0,БК ПОДВЕС КУЛЬТ,6231.0,"Цены ниже! Ещё -10%, код: НОЧЬ до 11:00",https://sunlight.net/catalog/pendants_986607.html,6 000 руб. - 6 500 руб.
2024-06-05,Sunlight,0.79,4754.0,БК ПОДВЕС ДЕКОР,6018.0,"Цены ниже! Ещё -15%, код: НОЧЬ до 11:00",https://sunlight.net/catalog/pendants_187544.html,6 000 руб. - 6 500 руб.
2024-06-05,Sunlight,2.55,15744.0,БК ПОДВЕС ДЕКОР,6174.0,"Цены ниже! Ещё -10%, код: НОЧЬ до 11:00",https://sunlight.net/catalog/pendants_996986.html,6 000 руб. - 6 500 руб.
2024-06-05,Sunlight,15.63,90498.0,ЦБ ЦЕПИ,5790.0,ХИТ-цена,https://sunlight.net/catalog/chains_89797.html,5 500 руб. - 6 000 руб.
2024-06-05,Sunlight,18.1,108419.0,ЦБ ЦЕПИ,5990.0,ХИТ-цена,https://sunlight.net/catalog/chains_276988.html,5 500 руб. - 6 000 руб.
2024-06-05,Sunlight,1.6,10662.0,БК КОЛЬЦА ОБРУЧ,6664.0,"Цены ниже! Ещё -15%, код: НОЧЬ до 11:00",https://sunlight.net/catalog/ring_984895.html,6 500 руб. - 7 000 руб.
2024-06-05,Sunlight,0.64,4599.0,БК КОЛЬЦА,7186.0,"Цены ниже! Ещё -10%, код: НОЧЬ до 11:00",https://sunlight.net/catalog/ring_988291.html,7 000 руб. - 8 000 руб.
2024-06-05,Sunlight,5.42,32124.0,БК СЕРЬГИ,5927.0,"Цены ниже! Ещё -10%, код: НОЧЬ до 11:00",https://sunlight.net/catalog/earring_325570.html,5 500 руб. - 6 000 руб.
2024-06-05,Sunlight,1.25,8996.0,БК КОЛЬЦА,7197.0,"Цены ниже! Ещё -15%, код: НОЧЬ до 11:00",https://sunlight.net/catalog/ring_348607.html,7 000 руб. - 8 000 руб.
2024-06-05,Sunlight,2.68,15870.0,БК КОЛЬЦА,5922.0,"Цены ниже! Ещё -10%, код: НОЧЬ до 11:00",https://sunlight.net/catalog/ring_353549.html,5 500 руб. - 6 000 руб.
2024-06-05,Sunlight,0.92,5979.0,БК СЕРЬГИ,6499.0,"Цены ниже! Ещё -10%, код: НОЧЬ до 11:00",https://sunlight.net/catalog/earring_333414.html,6 000 руб. - 6 500 руб.
2024-06-05,Sunlight,1.02,6294.0,БК ПОДВЕС ДЕКОР,6171.0,"Цены ниже! Ещё -10%, код: НОЧЬ до 11:00",https://sunlight.net/catalog/pendants_986598.html,6 000 руб. - 6 500 руб.
2024-06-05,Sunlight,1.25,7554.0,БК СЕРЬГИ,6043.0,"Цены ниже! Ещё -10%, код: НОЧЬ до 11:00",https://sunlight.net/catalog/piercing_341513.html,6 000 руб. - 6 500 руб.
2024-06-05,Sunlight,1.87,12253.0,БК КОЛЬЦА ОБРУЧ,6552.0,"Цены ниже! Ещё -20%, код: НОЧЬ до 11:00",https://sunlight.net/catalog/ring_340249.html,6 500 руб. - 7 000 руб.
2024-06-05,Sunlight,2.45,18894.0,БК СЕРЬГИ,7712.0,"Цены ниже! Ещё -10%, код: НОЧЬ до 11:00",https://sunlight.net/catalog/earring_351285.html,7 000 руб. - 8 000 руб.
2024-06-05,Sunlight,1.21,8282.0,БК КОЛЬЦА,6845.0,"Цены ниже! Ещё -15%, код: НОЧЬ до 11:00",https://sunlight.net/catalog/ring_282924.html,6 500 руб. - 7 000 руб.
2024-06-05,Sunlight,4.15,28554.0,БК СЕРЬГИ,6880.0,"Цены ниже! Ещё -15%, код: НОЧЬ до 11:00",https://sunlight.net/catalog/earring_348531.html,6 500 руб. - 7 000 руб.
2024-06-05,Sunlight,1.79,13679.0,БК ПОДВЕС ДЕКОР,7642.0,"Цены ниже! Ещё -15%, код: НОЧЬ до 11:00",https://sunlight.net/catalog/pendants_989023.html,7 000 руб. - 8 000 руб.
2024-06-05,Sunlight,4.11,25194.0,БК ПОДВЕС КУЛЬТ,6130.0,"Цены ниже! Ещё -10%, код: НОЧЬ до 11:00",https://sunlight.net/catalog/pendants_343554.html,6 000 руб. - 6 500 руб.
2024-06-05,Sunlight,1.83,10376.0,БК КОЛЬЦА,5670.0,"Цены ниже! Ещё -10%, код: НОЧЬ до 11:00",https://sunlight.net/catalog/ring_276968.html,5 500 руб. - 6 000 руб.
2024-06-05,Sunlight,3.49,26140.0,ЦБ БРАСЛЕТЫ,7490.0,ХИТ-цена,https://sunlight.net/catalog/bracelets_105100.html,7 000 руб. - 8 000 руб.
2024-06-05,Sunlight,9.0,58410.0,ЦБ БРАСЛЕТЫ,6490.0,ХИТ-цена,https://sunlight.net/catalog/bracelets_53536.html,6 000 руб. - 6 500 руб.
2024-06-05,Sunlight,9.98,61776.0,ЦБ ЦЕПИ,6190.0,ХИТ-цена,https://sunlight.net/catalog/chains_111070.html,6 000 руб. - 6 500 руб.
2024-06-05,Sunlight,3.72,22674.0,БК СЕРЬГИ,6095.0,"Цены ниже! Ещё -10%, код: НОЧЬ до 11:00",https://sunlight.net/catalog/earring_98485.html,6 000 руб. - 6 500 руб.
2024-06-05,Sunlight,1.1,6237.0,БК КОЛЬЦА,5670.0,"Цены ниже! Ещё -10%, код: НОЧЬ до 11:00",https://sunlight.net/catalog/ring_335810.html,5 500 руб. - 6 000 руб.
2024-06-05,Sunlight,2.06,17004.0,БК ПОДВЕС ДЕКОР,8254.0,"Цены ниже! Ещё -10%, код: НОЧЬ до 11:00",https://sunlight.net/catalog/pendants_346533.html,8 000 руб. - 9 000 руб.
2024-06-05,Sunlight,1.09,6609.0,БК ПОДВЕС ДЕКОР,6063.0,"Цены ниже! Ещё -10%, код: НОЧЬ до 11:00",https://sunlight.net/catalog/pendants_986597.html,6 000 руб. - 6 500 руб.
2024-06-05,Sunlight,3.49,25579.0,БК СЕРЬГИ,7329.0,"Цены ниже! Ещё -15%, код: НОЧЬ до 11:00",https://sunlight.net/catalog/earring_348046.html,7 000 руб. - 8 000 руб.
2024-06-05,Sunlight,0.9,5664.0,БК ПОДВЕС КУЛЬТ,6293.0,"Цены ниже! Ещё -10%, код: НОЧЬ до 11:00",https://sunlight.net/catalog/pendants_352099.html,6 000 руб. - 6 500 руб.
2024-06-05,Sunlight,0.33,2493.0,БК ПОДВЕС ДЕКОР,7555.0,"Цены ниже! Ещё -15%, код: НОЧЬ до 11:00",https://sunlight.net/catalog/pendants_170298.html,7 000 руб. - 8 000 руб.
2024-06-05,Sunlight,12.77,82877.0,ЦБ ЦЕПИ,6490.0,ХИТ-цена,https://sunlight.net/catalog/chains_63634.html,6 000 руб. - 6 500 руб.
2024-06-05,Sunlight,5.64,40942.0,ЦБ БРАСЛЕТЫ,7259.0,"Цены ниже! Ещё -15%, код: НОЧЬ до 11:00",https://sunlight.net/catalog/bracelets_308157.html,7 000 руб. - 8 000 руб.
2024-06-05,Sunlight,5.42,36194.0,ЦБ БРАСЛЕТЫ,6678.0,"Цены ниже! Ещё -10%, код: НОЧЬ до 11:00",https://sunlight.net/catalog/bracelets_343464.html,6 500 руб. - 7 000 руб.
2024-06-05,Sunlight,1.94,14869.0,БК СЕРЬГИ,7664.0,"Цены ниже! Ещё -15%, код: НОЧЬ до 11:00",https://sunlight.net/catalog/earring_345694.html,7 000 руб. - 8 000 руб.
2024-06-05,Sunlight,1.08,7554.0,БК СЕРЬГИ,6994.0,"Цены ниже! Ещё -20%, код: НОЧЬ до 11:00",https://sunlight.net/catalog/earring_344955.html,6 500 руб. - 7 000 руб.
2024-06-05,Sunlight,1.56,10074.0,БК ПОДВЕС КУЛЬТ,6458.0,"Цены ниже! Ещё -10%, код: НОЧЬ до 11:00",https://sunlight.net/catalog/pendants_354315.html,6 000 руб. - 6 500 руб.
2024-06-05,Sunlight,0.59,4159.0,БК ПОДВЕС ДЕКОР,7049.0,"Цены ниже! Ещё -15%, код: НОЧЬ до 11:00",https://sunlight.net/catalog/pendants_333340.html,7 000 руб. - 8 000 руб.
2024-06-05,Sunlight,2.05,13854.0,БК СЕРЬГИ,6758.0,"Цены ниже! Ещё -10%, код: НОЧЬ до 11:00",https://sunlight.net/catalog/earring_338932.html,6 500 руб. - 7 000 руб.
2024-06-05,Sunlight,2.66,15082.0,БК КОЛЬЦА,5670.0,"Цены ниже! Ещё -10%, код: НОЧЬ до 11:00",https://sunlight.net/catalog/ring_351292.html,5 500 руб. - 6 000 руб.
2024-06-05,Sunlight,2.01,11397.0,БК КОЛЬЦА,5670.0,"Цены ниже! Ещё -10%, код: НОЧЬ до 11:00",https://sunlight.net/catalog/ring_353859.html,5 500 руб. - 6 000 руб.
2024-06-05,Sunlight,3.83,22674.0,БК СЕРЬГИ,5920.0,"Цены ниже! Ещё -10%, код: НОЧЬ до 11:00",https://sunlight.net/catalog/earring_339697.html,5 500 руб. - 6 000 руб.
2024-06-05,Sunlight,0.86,5349.0,БК ПОДВЕС ДЕКОР,6220.0,"Цены ниже! Ещё -10%, код: НОЧЬ до 11:00",https://sunlight.net/catalog/pendants_340364.html,6 000 руб. - 6 500 руб.
2024-06-05,Sunlight,3.25,20784.0,БК СЕРЬГИ,6395.0,"Цены ниже! Ещё -10%, код: НОЧЬ до 11:00",https://sunlight.net/catalog/earring_344398.html,6 000 руб. - 6 500 руб.
2024-06-05,Sunlight,1.7,9532.0,БК КОЛЬЦА,5607.0,"Цены ниже! Ещё -10%, код: НОЧЬ до 11:00",https://sunlight.net/catalog/ring_254846.html,5 500 руб. - 6 000 руб.
2024-06-05,Sunlight,1.03,7715.0,ЦБ БРАСЛЕТЫ,7490.0,ХИТ-цена,https://sunlight.net/catalog/bracelets_87555.html,7 000 руб. - 8 000 руб.
2024-06-05,Sunlight,2.88,17844.0,БК ПОДВЕС КУЛЬТ,6196.0,"Цены ниже! Ещё -15%, код: НОЧЬ до 11:00",https://sunlight.net/catalog/pendants_349352.html,6 000 руб. - 6 500 руб.
2024-06-05,Sunlight,1.05,6814.0,ЦБ БРАСЛЕТЫ,6490.0,ХИТ-цена,https://sunlight.net/catalog/bracelets_66399.html,6 000 руб. - 6 500 руб.
2024-06-05,Sunlight,5.53,37549.0,ЦБ БРАСЛЕТЫ,6790.0,ХИТ-цена,https://sunlight.net/catalog/bracelets_111032.html,6 500 руб. - 7 000 руб.
2024-06-05,Sunlight,3.08,19013.0,БК КОЛЬЦА ОБРУЧ,6173.0,"Цены ниже! Ещё -10%, код: НОЧЬ до 11:00",https://sunlight.net/catalog/ring_328981.html,6 000 руб. - 6 500 руб.
2024-06-05,Sunlight,0.38,3074.0,БК ПОДВЕС ДЕКОР,8089.0,"Цены ниже! Ещё -20%, код: НОЧЬ до 11:00",https://sunlight.net/catalog/pendants_242682.html,8 000 руб. - 9 000 руб.
2024-06-05,Sunlight,1.45,10074.0,БК ПОДВЕС ДЕКОР,6948.0,"Цены ниже! Ещё -10%, код: НОЧЬ до 11:00",https://sunlight.net/catalog/pendants_271325.html,6 500 руб. - 7 000 руб.
2024-06-05,Sunlight,1.05,6294.0,БК ПОДВЕС ДЕКОР,5994.0,"Цены ниже! Ещё -10%, код: НОЧЬ до 11:00",https://sunlight.net/catalog/pendants_349887.html,5 500 руб. - 6 000 руб.
2024-06-05,Sunlight,1.79,10263.0,БК КОЛЬЦА,5734.0,"Цены ниже! Ещё -10%, код: НОЧЬ до 11:00",https://sunlight.net/catalog/ring_353860.html,5 500 руб. - 6 000 руб.
2024-06-05,Sunlight,1.77,10704.0,БК СЕРЬГИ,6047.0,"Цены ниже! Ещё -10%, код: НОЧЬ до 11:00",https://sunlight.net/catalog/earring_353459.html,6 000 руб. - 6 500 руб.
2024-06-05,Sunlight,4.12,32124.0,БК СЕРЬГИ,7797.0,"Цены ниже! Ещё -10%, код: НОЧЬ до 11:00",https://sunlight.net/catalog/earring_346522.html,7 000 руб. - 8 000 руб.
2024-06-05,Sunlight,2.41,14484.0,БК СЕРЬГИ,6010.0,"Цены ниже! Ещё -10%, код: НОЧЬ до 11:00",https://sunlight.net/catalog/earring_291469.html,6 000 руб. - 6 500 руб.
2024-06-05,Sunlight,2.47,15114.0,БК СЕРЬГИ,6119.0,"Цены ниже! Ещё -10%, код: НОЧЬ до 11:00",https://sunlight.net/catalog/earring_330990.html,6 000 руб. - 6 500 руб.
2024-06-05,Sunlight,3.24,20154.0,БК СЕРЬГИ,6220.0,"Цены ниже! Ещё -10%, код: НОЧЬ до 11:00",https://sunlight.net/catalog/earring_244076.html,6 000 руб. - 6 500 руб.
2024-06-05,Sunlight,4.19,23931.0,БК КОЛЬЦА,5711.0,"Цены ниже! Ещё -15%, код: НОЧЬ до 11:00",https://sunlight.net/catalog/ring_345571.html,5 500 руб. - 6 000 руб.
2024-06-05,Sunlight,0.8,4754.0,БК СЕРЬГИ,5942.0,"Цены ниже! Ещё -15%, код: НОЧЬ до 11:00",https://sunlight.net/catalog/earring_89061.html,5 500 руб. - 6 000 руб.
2024-06-05,Sunlight,2.04,13879.0,ЦБ БРАСЛЕТЫ,6803.0,"Цены ниже! Ещё -10%, код: НОЧЬ до 11:00",https://sunlight.net/catalog/bracelets_336270.html,6 500 руб. - 7 000 руб.
2024-06-05,Sunlight,8.62,56235.0,ЦБ БРАСЛЕТЫ,6524.0,"Цены ниже! Ещё -20%, код: НОЧЬ до 11:00",https://sunlight.net/catalog/bracelets_245180.html,6 500 руб. - 7 000 руб.
2024-06-05,Sunlight,2.81,18726.0,БК КОЛЬЦА ОБРУЧ,6664.0,"Цены ниже! Ещё -20%, код: НОЧЬ до 11:00",https://sunlight.net/catalog/ring_332309.html,6 500 руб. - 7 000 руб.
2024-06-05,Sunlight,6.69,39471.0,БК КОЛЬЦА ОБРУЧ,5900.0,ХИТ-цена,https://sunlight.net/catalog/ring_329772.html,5 500 руб. - 6 000 руб.
2024-06-05,Sunlight,1.7,10621.0,БК КОЛЬЦА ОБРУЧ,6248.0,"Цены ниже! Ещё -15%, код: НОЧЬ до 11:00",https://sunlight.net/catalog/ring_133723.html,6 000 руб. - 6 500 руб.
2024-06-05,Sunlight,0.6,4754.0,БК ПОДВЕС ДЕКОР,7923.0,"Цены ниже! Ещё -15%, код: НОЧЬ до 11:00",https://sunlight.net/catalog/pendants_103704.html,7 000 руб. - 8 000 руб.
2024-06-05,Sunlight,1.7,9746.0,БК КОЛЬЦА,5733.0,"Цены ниже! Ещё -10%, код: НОЧЬ до 11:00",https://sunlight.net/catalog/ring_328006.html,5 500 руб. - 6 000 руб.
2024-06-05,Sunlight,1.18,7834.0,БК ПОДВЕС ДЕКОР,6639.0,"Цены ниже! Ещё -20%, код: НОЧЬ до 11:00",https://sunlight.net/catalog/pendants_353008.html,6 500 руб. - 7 000 руб.
2024-06-05,Sunlight,0.84,5034.0,БК ПОДВЕС ДЕКОР,5993.0,"Цены ниже! Ещё -10%, код: НОЧЬ до 11:00",https://sunlight.net/catalog/pendants_278127.html,5 500 руб. - 6 000 руб.
2024-06-05,Sunlight,1.45,8039.0,БК КОЛЬЦА,5544.0,"Цены ниже! Ещё -10%, код: НОЧЬ до 11:00",https://sunlight.net/catalog/ring_331912.html,5 500 руб. - 6 000 руб.
2024-06-05,Sunlight,0.85,6569.0,БК КОЛЬЦА,7728.0,"Цены ниже! Ещё -20%, код: НОЧЬ до 11:00",https://sunlight.net/catalog/ring_992639.html,7 000 руб. - 8 000 руб.
2024-06-05,Sunlight,1.83,10704.0,БК СЕРЬГИ,5849.0,"Цены ниже! Ещё -10%, код: НОЧЬ до 11:00",https://sunlight.net/catalog/earring_285310.html,5 500 руб. - 6 000 руб.
2024-06-05,Sunlight,8.64,54734.0,БК ПОДВЕС КУЛЬТ,6335.0,"Цены ниже! Ещё -15%, код: НОЧЬ до 11:00",https://sunlight.net/catalog/pendants_988780.html,6 000 руб. - 6 500 руб.
2024-06-05,Sunlight,4.22,23794.0,БК СЕРЬГИ,5638.0,"Цены ниже! Ещё -15%, код: НОЧЬ до 11:00",https://sunlight.net/catalog/earring_354002.html,5 500 руб. - 6 000 руб.
2024-06-05,Sunlight,1.27,7554.0,БК СЕРЬГИ,5948.0,"Цены ниже! Ещё -10%, код: НОЧЬ до 11:00",https://sunlight.net/catalog/earring_97875.html,5 500 руб. - 6 000 руб.
2024-06-05,Sunlight,0.84,4754.0,БК СЕРЬГИ,5660.0,"Цены ниже! Ещё -15%, код: НОЧЬ до 11:00",https://sunlight.net/catalog/earring_267532.html,5 500 руб. - 6 000 руб.
2024-06-05,Sunlight,1.37,7672.0,БК КОЛЬЦА,5600.0,"Цены ниже! Ещё -20%, код: НОЧЬ до 11:00",https://sunlight.net/catalog/ring_314494.html,5 500 руб. - 6 000 руб.
2024-06-05,Sunlight,2.69,16374.0,БК ПОДВЕС ДЕКОР,6087.0,"Цены ниже! Ещё -10%, код: НОЧЬ до 11:00",https://sunlight.net/catalog/pendants_174322.html,6 000 руб. - 6 500 руб.
2024-06-05,Sunlight,0.8,5034.0,БК ПОДВЕС ДЕКОР,6292.0,"Цены ниже! Ещё -10%, код: НОЧЬ до 11:00",https://sunlight.net/catalog/pendants_984638.html,6 000 руб. - 6 500 руб.
2024-06-05,Sunlight,1.09,6609.0,БК ПОДВЕС ДЕКОР,6063.0,"Цены ниже! Ещё -10%, код: НОЧЬ до 11:00",https://sunlight.net/catalog/pendants_351367.html,6 000 руб. - 6 500 руб.
2024-06-05,Sunlight,2.76,17388.0,БК КОЛЬЦА,6300.0,"Цены ниже! Ещё -10%, код: НОЧЬ до 11:00",https://sunlight.net/catalog/ring_990756.html,6 000 руб. - 6 500 руб.
2024-06-05,Sunlight,2.69,16059.0,БК СЕРЬГИ,5970.0,"Цены ниже! Ещё -15%, код: НОЧЬ до 11:00",https://sunlight.net/catalog/earring_251112.html,5 500 руб. - 6 000 руб.
2024-06-05,Sunlight,1.25,7834.0,БК СЕРЬГИ,6267.0,"Цены ниже! Ещё -20%, код: НОЧЬ до 11:00",https://sunlight.net/catalog/earring_98226.html,6 000 руб. - 6 500 руб.
2024-06-05,Sunlight,6.69,39054.0,БК СЕРЬГИ,5838.0,"Цены ниже! Ещё -10%, код: НОЧЬ до 11:00",https://sunlight.net/catalog/earring_345706.html,5 500 руб. - 6 000 руб.
2024-06-05,Sunlight,0.95,5979.0,БК ПОДВЕС ДЕКОР,6294.0,"Цены ниже! Ещё -10%, код: НОЧЬ до 11:00",https://sunlight.net/catalog/pendants_996984.html,6 000 руб. - 6 500 руб.
2024-06-05,Sunlight,0.69,4404.0,БК ПОДВЕС КУЛЬТ,6383.0,"Цены ниже! Ещё -10%, код: НОЧЬ до 11:00",https://sunlight.net/catalog/pendants_352095.html,6 000 руб. - 6 500 руб.
2024-06-05,Sunlight,2.09,16059.0,БК СЕРЬГИ,7684.0,"Цены ниже! Ещё -15%, код: НОЧЬ до 11:00",https://sunlight.net/catalog/earring_251044.html,7 000 руб. - 8 000 руб.
2024-06-05,Sunlight,0.81,4754.0,БК СЕРЬГИ,5869.0,"Цены ниже! Ещё -15%, код: НОЧЬ до 11:00",https://sunlight.net/catalog/earring_344001.html,5 500 руб. - 6 000 руб.
2024-06-05,Sunlight,2.45,14351.0,БК КОЛЬЦА,5858.0,"Цены ниже! Ещё -10%, код: НОЧЬ до 11:00",https://sunlight.net/catalog/ring_353502.html,5 500 руб. - 6 000 руб.
2024-06-05,Sunlight,2.61,15464.0,БК СЕРЬГИ,5925.0,"Цены ниже! Ещё -15%, код: НОЧЬ до 11:00",https://sunlight.net/catalog/earring_328003.html,5 500 руб. - 6 000 руб.
2024-06-05,Sunlight,1.59,10074.0,БК ПОДВЕС КУЛЬТ,6336.0,"Цены ниже! Ещё -10%, код: НОЧЬ до 11:00",https://sunlight.net/catalog/pendants_354312.html,6 000 руб. - 6 500 руб.
2024-06-05,Sunlight,16.23,97218.0,ЦБ ЦЕПИ,5990.0,ХИТ-цена,https://sunlight.net/catalog/chains_988370.html,5 500 руб. - 6 000 руб.
2024-06-05,Sunlight,3.67,20784.0,БК СЕРЬГИ,5663.0,"Цены ниже! Ещё -10%, код: НОЧЬ до 11:00",https://sunlight.net/catalog/earring_988230.html,5 500 руб. - 6 000 руб.
2024-06-05,Sunlight,15.22,83294.0,ЦБ БРАСЛЕТЫ,5473.0,"Цены ниже! Ещё -15%, код: НОЧЬ до 11:00",https://sunlight.net/catalog/bracelets_91787.html,до 5 500 руб.
2024-06-05,Sunlight,2.39,16493.0,БК КОЛЬЦА ОБРУЧ,6901.0,"Цены ниже! Ещё -15%, код: НОЧЬ до 11:00",https://sunlight.net/catalog/ring_984571.html,6 500 руб. - 7 000 руб.
2024-06-05,Sunlight,0.96,8622.0,БК ПОДВЕС ДЕКОР,8981.0,"Цены ниже! Ещё -15%, код: НОЧЬ до 11:00",https://sunlight.net/catalog/pendants_351804.html,8 000 руб. - 9 000 руб.
2024-06-05,Sunlight,0.63,3914.0,БК ПОДВЕС ДЕКОР,6213.0,"Цены ниже! Ещё -20%, код: НОЧЬ до 11:00",https://sunlight.net/catalog/pendants_90585.html,6 000 руб. - 6 500 руб.
2024-06-05,Sunlight,1.2,8316.0,БК КОЛЬЦА,6930.0,"Цены ниже! Ещё -10%, код: НОЧЬ до 11:00",https://sunlight.net/catalog/ring_291452.html,6 500 руб. - 7 000 руб.
2024-06-05,Sunlight,1.55,10074.0,БК ПОДВЕС КУЛЬТ,6499.0,"Цены ниже! Ещё -10%, код: НОЧЬ до 11:00",https://sunlight.net/catalog/pendants_986605.html,6 000 руб. - 6 500 руб.
2024-06-05,Sunlight,4.29,32754.0,БК СЕРЬГИ,7635.0,"Цены ниже! Ещё -10%, код: НОЧЬ до 11:00",https://sunlight.net/catalog/earring_989029.html,7 000 руб. - 8 000 руб.
2024-06-05,Sunlight,1.68,10704.0,БК ПОДВЕС КУЛЬТ,6371.0,"Цены ниже! Ещё -10%, код: НОЧЬ до 11:00",https://sunlight.net/catalog/pendants_354313.html,6 000 руб. - 6 500 руб.
2024-06-05,Sunlight,1.8,10319.0,БК КОЛЬЦА,5733.0,"Цены ниже! Ещё -10%, код: НОЧЬ до 11:00",https://sunlight.net/catalog/ring_282791.html,5 500 руб. - 6 000 руб.
2024-06-05,Sunlight,1.54,9514.0,БК СЕРЬГИ,6178.0,"Цены ниже! Ещё -15%, код: НОЧЬ до 11:00",https://sunlight.net/catalog/earring_333262.html,6 000 руб. - 6 500 руб.
2024-06-05,Sunlight,1.88,10401.0,БК КОЛЬЦА,5532.0,"Цены ниже! Ещё -15%, код: НОЧЬ до 11:00",https://sunlight.net/catalog/ring_351793.html,5 500 руб. - 6 000 руб.
2024-06-05,Sunlight,1.81,10376.0,БК КОЛЬЦА,5733.0,"Цены ниже! Ещё -10%, код: НОЧЬ до 11:00",https://sunlight.net/catalog/ring_335724.html,5 500 руб. - 6 000 руб.
2024-06-05,Sunlight,41.39,218953.0,ЦБ ЦЕПИ,5290.0,ХИТ-цена,https://sunlight.net/catalog/chains_111004.html,до 5 500 руб.
2024-06-05,Sunlight,2.61,18244.0,ЦБ ЦЕПИ,6990.0,ХИТ-цена,https://sunlight.net/catalog/chains_54706.html,6 500 руб. - 7 000 руб.
2024-06-05,Sunlight,0.61,4719.0,ЦБ БРАСЛЕТЫ,7736.0,"Цены ниже! Ещё -10%, код: НОЧЬ до 11:00",https://sunlight.net/catalog/bracelets_259636.html,7 000 руб. - 8 000 руб.
2024-06-05,Sunlight,6.78,44002.0,ЦБ ЦЕПИ,6490.0,ХИТ-цена,https://sunlight.net/catalog/chains_103899.html,6 000 руб. - 6 500 руб.
2024-06-05,Sunlight,8.24,53525.0,ЦБ БРАСЛЕТЫ,6496.0,"Цены ниже! Ещё -20%, код: НОЧЬ до 11:00",https://sunlight.net/catalog/bracelets_79017.html,6 000 руб. - 6 500 руб.
2024-06-05,Sunlight,5.18,30347.0,БК КОЛЬЦА ОБРУЧ,5858.0,"Цены ниже! Ещё -10%, код: НОЧЬ до 11:00",https://sunlight.net/catalog/ring_108510.html,5 500 руб. - 6 000 руб.
2024-06-05,Sunlight,5.36,44619.0,БК СЕРЬГИ,8324.0,"Цены ниже! Ещё -15%, код: НОЧЬ до 11:00",https://sunlight.net/catalog/earring_349012.html,8 000 руб. - 9 000 руб.
2024-06-05,Sunlight,2.72,16374.0,БК СЕРЬГИ,6020.0,"Цены ниже! Ещё -10%, код: НОЧЬ до 11:00",https://sunlight.net/catalog/earring_335808.html,6 000 руб. - 6 500 руб.
2024-06-05,Sunlight,1.98,15464.0,БК СЕРЬГИ,7810.0,"Цены ниже! Ещё -15%, код: НОЧЬ до 11:00",https://sunlight.net/catalog/earring_320291.html,7 000 руб. - 8 000 руб.
2024-06-05,Sunlight,3.28,18390.0,БК КОЛЬЦА,5607.0,"Цены ниже! Ещё -10%, код: НОЧЬ до 11:00",https://sunlight.net/catalog/ring_328555.html,5 500 руб. - 6 000 руб.
2024-06-05,Sunlight,3.28,19629.0,БК СЕРЬГИ,5984.0,"Цены ниже! Ещё -15%, код: НОЧЬ до 11:00",https://sunlight.net/catalog/earring_85656.html,5 500 руб. - 6 000 руб.
2024-06-05,Sunlight,1.91,10567.0,БК КОЛЬЦА,5532.0,"Цены ниже! Ещё -15%, код: НОЧЬ до 11:00",https://sunlight.net/catalog/ring_345707.html,5 500 руб. - 6 000 руб.
2024-06-05,Sunlight,2.29,15114.0,БК СЕРЬГИ,6600.0,"Цены ниже! Ещё -10%, код: НОЧЬ до 11:00",https://sunlight.net/catalog/earring_244040.html,6 500 руб. - 7 000 руб.
2024-06-05,Sunlight,1.41,7818.0,БК КОЛЬЦА,5545.0,"Цены ниже! Ещё -10%, код: НОЧЬ до 11:00",https://sunlight.net/catalog/ring_343123.html,5 500 руб. - 6 000 руб.
2024-06-05,Sunlight,1.43,8196.0,БК КОЛЬЦА,5731.0,"Цены ниже! Ещё -10%, код: НОЧЬ до 11:00",https://sunlight.net/catalog/ring_339475.html,5 500 руб. - 6 000 руб.
2024-06-05,Sunlight,1.37,10261.0,ЦБ ЦЕПИ,7490.0,ХИТ-цена,https://sunlight.net/catalog/chains_61195.html,7 000 руб. - 8 000 руб.
2024-06-05,Sunlight,3.04,17249.0,БК СЕРЬГИ,5674.0,"Цены ниже! Ещё -15%, код: НОЧЬ до 11:00",https://sunlight.net/catalog/earring_354021.html,5 500 руб. - 6 000 руб.
2024-06-05,Sunlight,36.8,213072.0,ЦБ БРАСЛЕТЫ,5790.0,ХИТ-цена,https://sunlight.net/catalog/bracelets_278724.html,5 500 руб. - 6 000 руб.
2024-06-05,Sunlight,3.2,19230.0,БК КОЛЬЦА ОБРУЧ,6009.0,"Цены ниже! Ещё -15%, код: НОЧЬ до 11:00",https://sunlight.net/catalog/ring_90578.html,6 000 руб. - 6 500 руб.
2024-06-05,Sunlight,0.54,4159.0,БК СЕРЬГИ,7702.0,"Цены ниже! Ещё -15%, код: НОЧЬ до 11:00",https://sunlight.net/catalog/one_earring_349929.html,7 000 руб. - 8 000 руб.
2024-06-05,Sunlight,1.09,9514.0,БК ПОДВЕС ДЕКОР,8728.0,"Цены ниже! Ещё -15%, код: НОЧЬ до 11:00",https://sunlight.net/catalog/pendants_353003.html,8 000 руб. - 9 000 руб.
2024-06-05,Sunlight,0.97,5979.0,БК СЕРЬГИ,6164.0,"Цены ниже! Ещё -10%, код: НОЧЬ до 11:00",https://sunlight.net/catalog/earring_348332.html,6 000 руб. - 6 500 руб.
2024-06-05,Sunlight,0.66,4754.0,БК ПОДВЕС КУЛЬТ,7203.0,"Цены ниже! Ещё -15%, код: НОЧЬ до 11:00",https://sunlight.net/catalog/pendants_349871.html,7 000 руб. - 8 000 руб.
2024-06-05,Sunlight,3.2,23968.0,ЦБ БРАСЛЕТЫ,7490.0,ХИТ-цена,https://sunlight.net/catalog/bracelets_52201.html,7 000 руб. - 8 000 руб.
2024-06-05,Sunlight,13.64,88524.0,ЦБ ЦЕПИ,6490.0,ХИТ-цена,https://sunlight.net/catalog/chains_52042.html,6 000 руб. - 6 500 руб.
2024-06-05,Sunlight,2.11,15382.0,ЦБ БРАСЛЕТЫ,7290.0,ХИТ-цена,https://sunlight.net/catalog/bracelets_326580.html,7 000 руб. - 8 000 руб.
2024-06-05,Sunlight,1.66,9187.0,БК КОЛЬЦА,5534.0,"Цены ниже! Ещё -15%, код: НОЧЬ до 11:00",https://sunlight.net/catalog/ring_328014.html,5 500 руб. - 6 000 руб.
2024-06-05,Sunlight,2.43,18474.0,БК СЕРЬГИ,7602.0,"Цены ниже! Ещё -20%, код: НОЧЬ до 11:00",https://sunlight.net/catalog/earring_345043.html,7 000 руб. - 8 000 руб.
2024-06-05,Sunlight,0.79,5979.0,БК СЕРЬГИ,7568.0,"Цены ниже! Ещё -10%, код: НОЧЬ до 11:00",https://sunlight.net/catalog/earring_343669.html,7 000 руб. - 8 000 руб.
2024-06-05,Sunlight,0.9,5664.0,БК ПОДВЕС КУЛЬТ,6293.0,"Цены ниже! Ещё -10%, код: НОЧЬ до 11:00",https://sunlight.net/catalog/pendants_344163.html,6 000 руб. - 6 500 руб.
2024-06-05,Sunlight,2.48,13904.0,БК КОЛЬЦА,5606.0,"Цены ниже! Ещё -10%, код: НОЧЬ до 11:00",https://sunlight.net/catalog/ring_341066.html,5 500 руб. - 6 000 руб.
2024-06-05,Sunlight,3.38,19524.0,БК СЕРЬГИ,5776.0,"Цены ниже! Ещё -10%, код: НОЧЬ до 11:00",https://sunlight.net/catalog/earring_353485.html,5 500 руб. - 6 000 руб.
2024-06-05,Sunlight,3.85,21584.0,БК КОЛЬЦА,5606.0,"Цены ниже! Ещё -10%, код: НОЧЬ до 11:00",https://sunlight.net/catalog/ring_343225.html,5 500 руб. - 6 000 руб.
2024-06-05,Sunlight,1.15,6497.0,БК КОЛЬЦА,5650.0,"Цены ниже! Ещё -15%, код: НОЧЬ до 11:00",https://sunlight.net/catalog/ring_348611.html,5 500 руб. - 6 000 руб.
2024-06-05,Sunlight,2.27,12726.0,БК КОЛЬЦА,5606.0,"Цены ниже! Ещё -10%, код: НОЧЬ до 11:00",https://sunlight.net/catalog/ring_341072.html,5 500 руб. - 6 000 руб.
2024-06-05,Sunlight,7.38,39080.0,ЦБ БРАСЛЕТЫ,5295.0,"Цены ниже! Ещё -15%, код: НОЧЬ до 11:00",https://sunlight.net/catalog/bracelets_351770.html,до 5 500 руб.
2024-06-05,Sunlight,3.64,21099.0,ЦБ БРАСЛЕТЫ,5796.0,"Цены ниже! Ещё -10%, код: НОЧЬ до 11:00",https://sunlight.net/catalog/bracelets_320184.html,5 500 руб. - 6 000 руб.
2024-06-05,Sunlight,0.23,2490.0,БК ПОДВЕС ДЕКОР,10826.0,ХИТ-цена,https://sunlight.net/catalog/pendants_989071.html,свыше 10 000 руб.
2024-06-05,Sunlight,0.56,4754.0,БК ПОДВЕС ДЕКОР,8489.0,"Цены ниже! Ещё -15%, код: НОЧЬ до 11:00",https://sunlight.net/catalog/pendants_984634.html,8 000 руб. - 9 000 руб.
2024-06-05,Sunlight,5.16,33159.0,БК КОЛЬЦА ОБРУЧ,6426.0,"Цены ниже! Ещё -15%, код: НОЧЬ до 11:00",https://sunlight.net/catalog/ring_984579.html,6 000 руб. - 6 500 руб.
2024-06-05,Sunlight,1.71,9803.0,БК КОЛЬЦА,5733.0,"Цены ниже! Ещё -10%, код: НОЧЬ до 11:00",https://sunlight.net/catalog/ring_316939.html,5 500 руб. - 6 000 руб.
2024-06-05,Sunlight,0.81,5243.0,БК ПОДВЕС ДЕКОР,6473.0,"Цены ниже! Ещё -5%, код: НОЧЬ до 11:00",https://sunlight.net/catalog/pendants_989072.html,6 000 руб. - 6 500 руб.
2024-06-05,Sunlight,1.53,8919.0,БК СЕРЬГИ,5829.0,"Цены ниже! Ещё -15%, код: НОЧЬ до 11:00",https://sunlight.net/catalog/earring_236766.html,5 500 руб. - 6 000 руб.
2024-06-05,Sunlight,1.69,10704.0,БК ПОДВЕС КУЛЬТ,6334.0,"Цены ниже! Ещё -10%, код: НОЧЬ до 11:00",https://sunlight.net/catalog/pendants_354310.html,6 000 руб. - 6 500 руб.
2024-06-05,Sunlight,9.92,62564.0,ЦБ БРАСЛЕТЫ,6307.0,"Цены ниже! Ещё -15%, код: НОЧЬ до 11:00",https://sunlight.net/catalog/bracelets_351768.html,6 000 руб. - 6 500 руб.
2024-06-05,Sunlight,7.78,52718.0,ЦБ БРАСЛЕТЫ,6776.0,"Цены ниже! Ещё -20%, код: НОЧЬ до 11:00",https://sunlight.net/catalog/bracelets_343092.html,6 500 руб. - 7 000 руб.
2024-06-05,Sunlight,5.32,30164.0,ЦБ БРАСЛЕТЫ,5670.0,"Цены ниже! Ещё -10%, код: НОЧЬ до 11:00",https://sunlight.net/catalog/bracelets_996625.html,5 500 руб. - 6 000 руб.
2024-06-05,Sunlight,1.48,8628.0,БК КОЛЬЦА,5830.0,"Цены ниже! Ещё -15%, код: НОЧЬ до 11:00",https://sunlight.net/catalog/ring_328010.html,5 500 руб. - 6 000 руб.
2024-06-05,Sunlight,1.08,7869.0,БК ПОДВЕС ДЕКОР,7286.0,"Цены ниже! Ещё -10%, код: НОЧЬ до 11:00",https://sunlight.net/catalog/pendants_351805.html,7 000 руб. - 8 000 руб.
2024-06-05,Sunlight,1.49,8919.0,БК СЕРЬГИ,5986.0,"Цены ниже! Ещё -15%, код: НОЧЬ до 11:00",https://sunlight.net/catalog/earring_988515.html,5 500 руб. - 6 000 руб.
2024-06-05,Sunlight,6.11,33445.0,БК КОЛЬЦА,5474.0,"Цены ниже! Ещё -15%, код: НОЧЬ до 11:00",https://sunlight.net/catalog/ring_354839.html,до 5 500 руб.
2024-06-05,Sunlight,2.02,11964.0,БК СЕРЬГИ,5923.0,"Цены ниже! Ещё -10%, код: НОЧЬ до 11:00",https://sunlight.net/catalog/earring_348047.html,5 500 руб. - 6 000 руб.
2024-06-05,Sunlight,1.38,7800.0,БК КОЛЬЦА,5652.0,"Цены ниже! Ещё -15%, код: НОЧЬ до 11:00",https://sunlight.net/catalog/ring_335084.html,5 500 руб. - 6 000 руб.
2024-06-05,Sunlight,3.8,26562.0,ЦБ ЦЕПИ,6990.0,ХИТ-цена,https://sunlight.net/catalog/chains_56318.html,6 500 руб. - 7 000 руб.
2024-06-05,Sunlight,2.18,12180.0,БК КОЛЬЦА,5587.0,"Цены ниже! Ещё -15%, код: НОЧЬ до 11:00",https://sunlight.net/catalog/ring_329448.html,5 500 руб. - 6 000 руб.
2024-06-05,Sunlight,4.78,35802.0,ЦБ ЦЕПИ,7490.0,ХИТ-цена,https://sunlight.net/catalog/chains_326201.html,7 000 руб. - 8 000 руб.
2024-06-05,Sunlight,17.8,103062.0,ЦБ БРАСЛЕТЫ,5790.0,ХИТ-цена,https://sunlight.net/catalog/bracelets_355384.html,5 500 руб. - 6 000 руб.
2024-06-05,Sunlight,4.11,22564.0,ЦБ ЦЕПИ,5490.0,ХИТ-цена,https://sunlight.net/catalog/chains_177394.html,до 5 500 руб.
2024-06-05,Sunlight,5.89,38226.0,ЦБ ЦЕПИ,6490.0,ХИТ-цена,https://sunlight.net/catalog/chains_83605.html,6 000 руб. - 6 500 руб.
2024-06-05,Sunlight,0.33,2850.0,БК ПОДВЕС ДЕКОР,8636.0,"Цены ниже! Ещё -15%, код: НОЧЬ до 11:00",https://sunlight.net/catalog/pendants_333342.html,8 000 руб. - 9 000 руб.
2024-06-05,Sunlight,1.39,10704.0,БК ПОДВЕС ДЕКОР,7701.0,"Цены ниже! Ещё -10%, код: НОЧЬ до 11:00",https://sunlight.net/catalog/pendants_271327.html,7 000 руб. - 8 000 руб.
2024-06-05,Sunlight,0.87,6539.0,БК СЕРЬГИ,7516.0,"Цены ниже! Ещё -15%, код: НОЧЬ до 11:00",https://sunlight.net/catalog/earring_354502.html,7 000 руб. - 8 000 руб.
2024-06-05,Sunlight,1.14,6609.0,БК КОЛЬЦА,5797.0,"Цены ниже! Ещё -10%, код: НОЧЬ до 11:00",https://sunlight.net/catalog/ring_341058.html,5 500 руб. - 6 000 руб.
2024-06-05,Sunlight,1.94,11120.0,БК КОЛЬЦА,5732.0,"Цены ниже! Ещё -10%, код: НОЧЬ до 11:00",https://sunlight.net/catalog/ring_351372.html,5 500 руб. - 6 000 руб.
2024-06-05,Sunlight,0.87,5349.0,БК ПОДВЕС ДЕКОР,6148.0,"Цены ниже! Ещё -10%, код: НОЧЬ до 11:00",https://sunlight.net/catalog/pendants_353583.html,6 000 руб. - 6 500 руб.
2024-06-05,Sunlight,2.28,13356.0,БК КОЛЬЦА,5858.0,"Цены ниже! Ещё -10%, код: НОЧЬ до 11:00",https://sunlight.net/catalog/ring_353547.html,5 500 руб. - 6 000 руб.
2024-06-05,Sunlight,2.46,15114.0,БК СЕРЬГИ,6144.0,"Цены ниже! Ещё -10%, код: НОЧЬ до 11:00",https://sunlight.net/catalog/earring_992396.html,6 000 руб. - 6 500 руб.
2024-06-05,Sunlight,1.59,10493.0,БК СЕРЬГИ,6599.0,"Цены ниже! Ещё -5%, код: НОЧЬ до 11:00",https://sunlight.net/catalog/earring_329516.html,6 500 руб. - 7 000 руб.
2024-06-05,Sunlight,2.54,17755.0,ЦБ ЦЕПИ,6990.0,ХИТ-цена,https://sunlight.net/catalog/chains_75332.html,6 500 руб. - 7 000 руб.
2024-06-05,Sunlight,3.13,18264.0,БК СЕРЬГИ,5835.0,"Цены ниже! Ещё -10%, код: НОЧЬ до 11:00",https://sunlight.net/catalog/earring_345695.html,5 500 руб. - 6 000 руб.
2024-06-05,Sunlight,2.36,16496.0,ЦБ ЦЕПИ,6990.0,ХИТ-цена,https://sunlight.net/catalog/chains_56726.html,6 500 руб. - 7 000 руб.
2024-06-05,Sunlight,7.57,50870.0,ЦБ БРАСЛЕТЫ,6720.0,"Цены ниже! Ещё -20%, код: НОЧЬ до 11:00",https://sunlight.net/catalog/bracelets_343462.html,6 500 руб. - 7 000 руб.
2024-06-05,Sunlight,5.96,39715.0,ЦБ БРАСЛЕТЫ,6664.0,"Цены ниже! Ещё -20%, код: НОЧЬ до 11:00",https://sunlight.net/catalog/bracelets_348334.html,6 500 руб. - 7 000 руб.
2024-06-05,Sunlight,0.11,946.0,БК СЕРЬГИ,8600.0,"Цены ниже! Ещё -20%, код: НОЧЬ до 11:00",https://sunlight.net/catalog/piercing_284015.html,8 000 руб. - 9 000 руб.
2024-06-05,Sunlight,1.94,11491.0,БК КОЛЬЦА,5923.0,"Цены ниже! Ещё -10%, код: НОЧЬ до 11:00",https://sunlight.net/catalog/ring_353507.html,5 500 руб. - 6 000 руб.
2024-06-05,Sunlight,5.2,36884.0,БК ПОДВЕС КУЛЬТ,7093.0,"Цены ниже! Ещё -15%, код: НОЧЬ до 11:00",https://sunlight.net/catalog/pendants_343555.html,7 000 руб. - 8 000 руб.
2024-06-05,Sunlight,2.56,16374.0,БК СЕРЬГИ,6396.0,"Цены ниже! Ещё -10%, код: НОЧЬ до 11:00",https://sunlight.net/catalog/earring_351284.html,6 000 руб. - 6 500 руб.
2024-06-05,Sunlight,1.53,11964.0,БК СЕРЬГИ,7820.0,"Цены ниже! Ещё -10%, код: НОЧЬ до 11:00",https://sunlight.net/catalog/earring_167100.html,7 000 руб. - 8 000 руб.
2024-06-05,Sunlight,2.46,15114.0,БК СЕРЬГИ,6144.0,"Цены ниже! Ещё -10%, код: НОЧЬ до 11:00",https://sunlight.net/catalog/earring_353855.html,6 000 руб. - 6 500 руб.
2024-06-05,Sunlight,0.94,5979.0,БК СЕРЬГИ,6361.0,"Цены ниже! Ещё -10%, код: НОЧЬ до 11:00",https://sunlight.net/catalog/earring_353492.html,6 000 руб. - 6 500 руб.
2024-06-05,Sunlight,2.44,13792.0,БК КОЛЬЦА,5652.0,"Цены ниже! Ещё -15%, код: НОЧЬ до 11:00",https://sunlight.net/catalog/ring_353715.html,5 500 руб. - 6 000 руб.
2024-06-05,Sunlight,1.44,9514.0,БК СЕРЬГИ,6607.0,"Цены ниже! Ещё -15%, код: НОЧЬ до 11:00",https://sunlight.net/catalog/earring_275477.html,6 500 руб. - 7 000 руб.
2024-06-05,Sunlight,1.49,10109.0,БК ПОДВЕС ДЕКОР,6785.0,"Цены ниже! Ещё -15%, код: НОЧЬ до 11:00",https://sunlight.net/catalog/pendants_992476.html,6 500 руб. - 7 000 руб.
2024-06-05,Sunlight,0.74,4404.0,БК ПОДВЕС КУЛЬТ,5951.0,"Цены ниже! Ещё -10%, код: НОЧЬ до 11:00",https://sunlight.net/catalog/pendants_352097.html,5 500 руб. - 6 000 руб.
2024-06-05,Sunlight,9.43,61201.0,ЦБ ЦЕПИ,6490.0,ХИТ-цена,https://sunlight.net/catalog/chains_153673.html,6 000 руб. - 6 500 руб.
2024-06-05,Sunlight,10.46,60563.0,ЦБ БРАСЛЕТЫ,5790.0,ХИТ-цена,https://sunlight.net/catalog/bracelets_990826.html,5 500 руб. - 6 000 руб.
2024-06-05,Sunlight,6.06,40454.0,БК СЕРЬГИ,6676.0,"Цены ниже! Ещё -15%, код: НОЧЬ до 11:00",https://sunlight.net/catalog/earring_349026.html,6 500 руб. - 7 000 руб.
2024-06-05,Sunlight,4.14,28515.0,БК КОЛЬЦА,6888.0,"Цены ниже! Ещё -20%, код: НОЧЬ до 11:00",https://sunlight.net/catalog/ring_991874.html,6 500 руб. - 7 000 руб.
2024-06-05,Sunlight,3.57,27084.0,БК СЕРЬГИ,7587.0,"Цены ниже! Ещё -10%, код: НОЧЬ до 11:00",https://sunlight.net/catalog/earring_989025.html,7 000 руб. - 8 000 руб.
2024-06-05,Sunlight,0.43,2640.0,БК ПОДВЕС КУЛЬТ,6140.0,"Цены ниже! Ещё -10%, код: НОЧЬ до 11:00",https://sunlight.net/catalog/pendants_241188.html,6 000 руб. - 6 500 руб.
2024-06-05,Sunlight,1.2,6804.0,БК КОЛЬЦА,5670.0,"Цены ниже! Ещё -10%, код: НОЧЬ до 11:00",https://sunlight.net/catalog/ring_331909.html,5 500 руб. - 6 000 руб.
2024-06-05,Sunlight,1.95,11964.0,БК СЕРЬГИ,6135.0,"Цены ниже! Ещё -10%, код: НОЧЬ до 11:00",https://sunlight.net/catalog/earring_344952.html,6 000 руб. - 6 500 руб.
2024-06-05,Sunlight,2.56,15114.0,БК СЕРЬГИ,5904.0,"Цены ниже! Ещё -10%, код: НОЧЬ до 11:00",https://sunlight.net/catalog/earring_335085.html,5 500 руб. - 6 000 руб.
2024-06-05,Sunlight,2.34,15114.0,БК СЕРЬГИ,6459.0,"Цены ниже! Ещё -10%, код: НОЧЬ до 11:00",https://sunlight.net/catalog/earring_351378.html,6 000 руб. - 6 500 руб.
2024-06-05,Sunlight,0.61,5034.0,БК ПОДВЕС ДЕКОР,8252.0,"Цены ниже! Ещё -20%, код: НОЧЬ до 11:00",https://sunlight.net/catalog/pendants_320281.html,8 000 руб. - 9 000 руб.
2024-06-05,Sunlight,3.98,22063.0,БК КОЛЬЦА,5543.0,"Цены ниже! Ещё -10%, код: НОЧЬ до 11:00",https://sunlight.net/catalog/ring_348525.html,5 500 руб. - 6 000 руб.
2024-06-05,Sunlight,1.23,6898.0,БК КОЛЬЦА,5608.0,"Цены ниже! Ещё -10%, код: НОЧЬ до 11:00",https://sunlight.net/catalog/ring_283388.html,5 500 руб. - 6 000 руб.
2024-06-05,Sunlight,5.68,39703.0,ЦБ БРАСЛЕТЫ,6990.0,ХИТ-цена,https://sunlight.net/catalog/bracelets_87975.html,6 500 руб. - 7 000 руб.
2024-06-05,Sunlight,16.26,94145.0,ЦБ БРАСЛЕТЫ,5790.0,ХИТ-цена,https://sunlight.net/catalog/bracelets_278719.html,5 500 руб. - 6 000 руб.
2024-06-05,Sunlight,9.83,60848.0,ЦБ ЦЕПИ,6190.0,ХИТ-цена,https://sunlight.net/catalog/chains_61130.html,6 000 руб. - 6 500 руб.
2024-06-05,Sunlight,7.05,37330.0,ЦБ БРАСЛЕТЫ,5295.0,"Цены ниже! Ещё -15%, код: НОЧЬ до 11:00",https://sunlight.net/catalog/bracelets_351757.html,до 5 500 руб.
2024-06-05,Sunlight,1.62,9157.0,ЦБ БРАСЛЕТЫ,5652.0,"Цены ниже! Ещё -15%, код: НОЧЬ до 11:00",https://sunlight.net/catalog/bracelets_343344.html,5 500 руб. - 6 000 руб.
2024-06-05,Sunlight,2.39,15744.0,БК СЕРЬГИ,6587.0,"Цены ниже! Ещё -10%, код: НОЧЬ до 11:00",https://sunlight.net/catalog/earring_345970.html,6 500 руб. - 7 000 руб.
2024-06-05,Sunlight,0.86,5349.0,БК СЕРЬГИ,6220.0,"Цены ниже! Ещё -10%, код: НОЧЬ до 11:00",https://sunlight.net/catalog/earring_157421.html,6 000 руб. - 6 500 руб.
2024-06-05,Sunlight,1.62,9185.0,БК КОЛЬЦА,5670.0,"Цены ниже! Ещё -10%, код: НОЧЬ до 11:00",https://sunlight.net/catalog/ring_339427.html,5 500 руб. - 6 000 руб.
2024-06-05,Sunlight,1.04,6643.0,БК СЕРЬГИ,6388.0,"Цены ниже! Ещё -5%, код: НОЧЬ до 11:00",https://sunlight.net/catalog/earring_345735.html,6 000 руб. - 6 500 руб.
2024-06-05,Sunlight,1.4,8467.0,БК КОЛЬЦА,6048.0,"Цены ниже! Ещё -10%, код: НОЧЬ до 11:00",https://sunlight.net/catalog/ring_993591.html,6 000 руб. - 6 500 руб.
2024-06-05,Sunlight,3.82,21819.0,БК КОЛЬЦА,5712.0,"Цены ниже! Ещё -15%, код: НОЧЬ до 11:00",https://sunlight.net/catalog/ring_348516.html,5 500 руб. - 6 000 руб.
2024-06-05,Sunlight,2.67,18264.0,БК ПОДВЕС ДЕКОР,6840.0,"Цены ниже! Ещё -10%, код: НОЧЬ до 11:00",https://sunlight.net/catalog/pendants_346544.html,6 500 руб. - 7 000 руб.
2024-06-05,Sunlight,2.87,20492.0,ЦБ БРАСЛЕТЫ,7140.0,"Цены ниже! Ещё -15%, код: НОЧЬ до 11:00",https://sunlight.net/catalog/bracelets_353723.html,7 000 руб. - 8 000 руб.
2024-06-05,Sunlight,0.74,5303.0,БК КОЛЬЦА,7166.0,"Цены ниже! Ещё -20%, код: НОЧЬ до 11:00",https://sunlight.net/catalog/ring_988290.html,7 000 руб. - 8 000 руб.
2024-06-05,Sunlight,2.63,16434.0,БК КОЛЬЦА ОБРУЧ,6249.0,"Цены ниже! Ещё -15%, код: НОЧЬ до 11:00",https://sunlight.net/catalog/ring_188379.html,6 000 руб. - 6 500 руб.
2024-06-05,Sunlight,4.02,30234.0,БК СЕРЬГИ,7521.0,"Цены ниже! Ещё -10%, код: НОЧЬ до 11:00",https://sunlight.net/catalog/earring_348609.html,7 000 руб. - 8 000 руб.
2024-06-05,Sunlight,1.03,6837.0,БК ПОДВЕС ДЕКОР,6638.0,"Цены ниже! Ещё -15%, код: НОЧЬ до 11:00",https://sunlight.net/catalog/pendants_348597.html,6 500 руб. - 7 000 руб.
2024-06-05,Sunlight,1.91,11069.0,БК КОЛЬЦА,5795.0,"Цены ниже! Ещё -10%, код: НОЧЬ до 11:00",https://sunlight.net/catalog/ring_353500.html,5 500 руб. - 6 000 руб.
2024-06-05,Sunlight,2.11,13854.0,БК СЕРЬГИ,6566.0,"Цены ниже! Ещё -10%, код: НОЧЬ до 11:00",https://sunlight.net/catalog/earring_285058.html,6 500 руб. - 7 000 руб.
2024-06-05,Sunlight,1.84,10704.0,БК СЕРЬГИ,5817.0,"Цены ниже! Ещё -10%, код: НОЧЬ до 11:00",https://sunlight.net/catalog/earring_355530.html,5 500 руб. - 6 000 руб.
2024-06-05,Sunlight,0.9,6434.0,БК ПОДВЕС ДЕКОР,7149.0,"Цены ниже! Ещё -20%, код: НОЧЬ до 11:00",https://sunlight.net/catalog/pendants_349152.html,7 000 руб. - 8 000 руб.
2024-06-05,Sunlight,7.74,54103.0,ЦБ БРАСЛЕТЫ,6990.0,ХИТ-цена,https://sunlight.net/catalog/bracelets_110994.html,6 500 руб. - 7 000 руб.
2024-06-05,Sunlight,8.45,53294.0,ЦБ БРАСЛЕТЫ,6307.0,"Цены ниже! Ещё -15%, код: НОЧЬ до 11:00",https://sunlight.net/catalog/bracelets_351813.html,6 000 руб. - 6 500 руб.
2024-06-05,Sunlight,57.53,315840.0,ЦБ ЦЕПИ,5490.0,ХИТ-цена,https://sunlight.net/catalog/chains_153105.html,до 5 500 руб.
2024-06-05,Sunlight,9.07,56143.0,ЦБ ЦЕПИ,6190.0,ХИТ-цена,https://sunlight.net/catalog/chains_144111.html,6 000 руб. - 6 500 руб.
2024-06-05,Sunlight,5.98,33529.0,ЦБ БРАСЛЕТЫ,5607.0,"Цены ниже! Ещё -10%, код: НОЧЬ до 11:00",https://sunlight.net/catalog/bracelets_103278.html,5 500 руб. - 6 000 руб.
2024-06-05,Sunlight,1.04,8324.0,БК СЕРЬГИ,8004.0,"Цены ниже! Ещё -15%, код: НОЧЬ до 11:00",https://sunlight.net/catalog/earring_351786.html,8 000 руб. - 9 000 руб.
2024-06-05,Sunlight,1.71,10074.0,БК СЕРЬГИ,5891.0,"Цены ниже! Ещё -10%, код: НОЧЬ до 11:00",https://sunlight.net/catalog/earring_343999.html,5 500 руб. - 6 000 руб.
2024-06-05,Sunlight,1.51,8954.0,БК СЕРЬГИ,5930.0,"Цены ниже! Ещё -20%, код: НОЧЬ до 11:00",https://sunlight.net/catalog/earring_348608.html,5 500 руб. - 6 000 руб.
2024-06-05,Sunlight,2.33,13679.0,БК СЕРЬГИ,5871.0,"Цены ниже! Ещё -15%, код: НОЧЬ до 11:00",https://sunlight.net/catalog/earring_342452.html,5 500 руб. - 6 000 руб.
2024-06-05,Sunlight,2.54,16793.0,БК СЕРЬГИ,6611.0,"Цены ниже! Ещё -5%, код: НОЧЬ до 11:00",https://sunlight.net/catalog/earring_329518.html,6 500 руб. - 7 000 руб.
2024-06-05,Sunlight,1.68,11964.0,БК ПОДВЕС ДЕКОР,7121.0,"Цены ниже! Ещё -10%, код: НОЧЬ до 11:00",https://sunlight.net/catalog/pendants_346541.html,7 000 руб. - 8 000 руб.
2024-06-05,Sunlight,5.04,32710.0,ЦБ ЦЕПИ,6490.0,ХИТ-цена,https://sunlight.net/catalog/chains_326590.html,6 000 руб. - 6 500 руб.
2024-06-05,Sunlight,3.79,23839.0,ЦБ БРАСЛЕТЫ,6290.0,ХИТ-цена,https://sunlight.net/catalog/bracelets_119475.html,6 000 руб. - 6 500 руб.
2024-06-05,Sunlight,3.29,23294.0,ЦБ БРАСЛЕТЫ,7080.0,"Цены ниже! Ещё -15%, код: НОЧЬ до 11:00",https://sunlight.net/catalog/bracelets_353722.html,7 000 руб. - 8 000 руб.
2024-06-05,Sunlight,4.21,29310.0,ЦБ БРАСЛЕТЫ,6962.0,"Цены ниже! Ещё -15%, код: НОЧЬ до 11:00",https://sunlight.net/catalog/bracelets_988198.html,6 500 руб. - 7 000 руб.
2024-06-05,Sunlight,3.84,22258.0,ЦБ БРАСЛЕТЫ,5796.0,"Цены ниже! Ещё -10%, код: НОЧЬ до 11:00",https://sunlight.net/catalog/bracelets_320187.html,5 500 руб. - 6 000 руб.
2024-06-05,Sunlight,1.24,8278.0,БК КОЛЬЦА ОБРУЧ,6676.0,"Цены ниже! Ещё -10%, код: НОЧЬ до 11:00",https://sunlight.net/catalog/ring_336125.html,6 500 руб. - 7 000 руб.
2024-06-05,Sunlight,1.33,11193.0,БК ПОДВЕС ДЕКОР,8416.0,"Цены ниже! Ещё -5%, код: НОЧЬ до 11:00",https://sunlight.net/catalog/pendants_993626.html,8 000 руб. - 9 000 руб.
2024-06-05,Sunlight,0.96,7729.0,БК СЕРЬГИ,8051.0,"Цены ниже! Ещё -15%, код: НОЧЬ до 11:00",https://sunlight.net/catalog/earring_345688.html,8 000 руб. - 9 000 руб.
2024-06-05,Sunlight,2.08,13679.0,БК СЕРЬГИ,6576.0,"Цены ниже! Ещё -15%, код: НОЧЬ до 11:00",https://sunlight.net/catalog/earring_88397.html,6 500 руб. - 7 000 руб.
2024-06-05,Sunlight,3.7,22044.0,БК СЕРЬГИ,5958.0,"Цены ниже! Ещё -10%, код: НОЧЬ до 11:00",https://sunlight.net/catalog/earring_345704.html,5 500 руб. - 6 000 руб.
2024-06-05,Sunlight,6.17,37794.0,БК СЕРЬГИ,6125.0,"Цены ниже! Ещё -10%, код: НОЧЬ до 11:00",https://sunlight.net/catalog/earring_336611.html,6 000 руб. - 6 500 руб.
2024-06-05,Sunlight,0.84,5349.0,БК СЕРЬГИ,6368.0,"Цены ниже! Ещё -15%, код: НОЧЬ до 11:00",https://sunlight.net/catalog/earring_353494.html,6 000 руб. - 6 500 руб.
2024-06-05,Sunlight,2.54,14244.0,БК КОЛЬЦА,5608.0,"Цены ниже! Ещё -10%, код: НОЧЬ до 11:00",https://sunlight.net/catalog/ring_989076.html,5 500 руб. - 6 000 руб.
2024-06-05,Sunlight,1.1,7343.0,БК ПОДВЕС ДЕКОР,6675.0,"Цены ниже! Ещё -5%, код: НОЧЬ до 11:00",https://sunlight.net/catalog/pendants_351808.html,6 500 руб. - 7 000 руб.
2024-06-05,Sunlight,1.86,13001.0,ЦБ ЦЕПИ,6990.0,ХИТ-цена,https://sunlight.net/catalog/chains_82840.html,6 500 руб. - 7 000 руб.
2024-06-05,Sunlight,6.17,40043.0,ЦБ ЦЕПИ,6490.0,ХИТ-цена,https://sunlight.net/catalog/chains_104769.html,6 000 руб. - 6 500 руб.
2024-06-05,Sunlight,3.52,24605.0,ЦБ БРАСЛЕТЫ,6990.0,ХИТ-цена,https://sunlight.net/catalog/bracelets_326587.html,6 500 руб. - 7 000 руб.
2024-06-05,Sunlight,19.01,113870.0,ЦБ ЦЕПИ,5990.0,ХИТ-цена,https://sunlight.net/catalog/chains_151968.html,5 500 руб. - 6 000 руб.
2024-06-05,Sunlight,5.99,42935.0,ЦБ БРАСЛЕТЫ,7168.0,"Цены ниже! Ещё -20%, код: НОЧЬ до 11:00",https://sunlight.net/catalog/bracelets_91788.html,7 000 руб. - 8 000 руб.
2024-06-05,Sunlight,9.81,61285.0,ЦБ БРАСЛЕТЫ,6247.0,"Цены ниже! Ещё -15%, код: НОЧЬ до 11:00",https://sunlight.net/catalog/bracelets_343460.html,6 000 руб. - 6 500 руб.
2024-06-05,Sunlight,11.28,68219.0,ЦБ БРАСЛЕТЫ,6048.0,"Цены ниже! Ещё -20%, код: НОЧЬ до 11:00",https://sunlight.net/catalog/bracelets_338197.html,6 000 руб. - 6 500 руб.
2024-06-05,Sunlight,1.61,9230.0,БК КОЛЬЦА,5733.0,"Цены ниже! Ещё -10%, код: НОЧЬ до 11:00",https://sunlight.net/catalog/ring_314499.html,5 500 руб. - 6 000 руб.
2024-06-05,Sunlight,2.38,15114.0,БК СЕРЬГИ,6350.0,"Цены ниже! Ещё -10%, код: НОЧЬ до 11:00",https://sunlight.net/catalog/earring_984627.html,6 000 руб. - 6 500 руб.
2024-06-05,Sunlight,2.53,18665.0,БК КОЛЬЦА,7377.0,"Цены ниже! Ещё -15%, код: НОЧЬ до 11:00",https://sunlight.net/catalog/ring_349270.html,7 000 руб. - 8 000 руб.
2024-06-05,Sunlight,3.4,19016.0,БК КОЛЬЦА,5593.0,"Цены ниже! Ещё -15%, код: НОЧЬ до 11:00",https://sunlight.net/catalog/ring_354836.html,5 500 руб. - 6 000 руб.
2024-06-05,Sunlight,3.49,19568.0,БК КОЛЬЦА,5607.0,"Цены ниже! Ещё -10%, код: НОЧЬ до 11:00",https://sunlight.net/catalog/ring_315350.html,5 500 руб. - 6 000 руб.
2024-06-05,Sunlight,0.8,5034.0,БК ПОДВЕС ДЕКОР,6292.0,"Цены ниже! Ещё -10%, код: НОЧЬ до 11:00",https://sunlight.net/catalog/pendants_995651.html,6 000 руб. - 6 500 руб.
2024-06-05,Sunlight,1.9,11334.0,БК СЕРЬГИ,5965.0,"Цены ниже! Ещё -10%, код: НОЧЬ до 11:00",https://sunlight.net/catalog/earring_348048.html,5 500 руб. - 6 000 руб.
2024-06-05,Sunlight,1.17,6994.0,БК СЕРЬГИ,5978.0,"Цены ниже! Ещё -20%, код: НОЧЬ до 11:00",https://sunlight.net/catalog/earring_353063.html,5 500 руб. - 6 000 руб.
2024-06-05,Sunlight,3.44,24046.0,ЦБ БРАСЛЕТЫ,6990.0,ХИТ-цена,https://sunlight.net/catalog/bracelets_94736.html,6 500 руб. - 7 000 руб.
2024-06-05,Sunlight,1.01,7271.0,ЦБ БРАСЛЕТЫ,7199.0,"Цены ниже! Ещё -15%, код: НОЧЬ до 11:00",https://sunlight.net/catalog/bracelets_306313.html,7 000 руб. - 8 000 руб.
2024-06-05,Sunlight,41.86,250741.0,ЦБ ЦЕПИ,5990.0,ХИТ-цена,https://sunlight.net/catalog/chains_151988.html,5 500 руб. - 6 000 руб.
2024-06-05,Sunlight,4.95,27443.0,ЦБ БРАСЛЕТЫ,5544.0,"Цены ниже! Ещё -10%, код: НОЧЬ до 11:00",https://sunlight.net/catalog/bracelets_341394.html,5 500 руб. - 6 000 руб.
2024-06-05,Sunlight,4.17,23379.0,ЦБ БРАСЛЕТЫ,5606.0,"Цены ниже! Ещё -10%, код: НОЧЬ до 11:00",https://sunlight.net/catalog/bracelets_341393.html,5 500 руб. - 6 000 руб.
2024-06-05,Sunlight,5.51,33558.0,ЦБ БРАСЛЕТЫ,6090.0,"Цены ниже! Ещё -5%, код: НОЧЬ до 11:00",https://sunlight.net/catalog/bracelets_328124.html,6 000 руб. - 6 500 руб.
2024-06-05,Sunlight,2.18,14388.0,БК КОЛЬЦА ОБРУЧ,6600.0,ХИТ-цена,https://sunlight.net/catalog/ring_326146.html,6 500 руб. - 7 000 руб.
2024-06-05,Sunlight,4.32,29030.0,БК КОЛЬЦА ОБРУЧ,6720.0,"Цены ниже! Ещё -20%, код: НОЧЬ до 11:00",https://sunlight.net/catalog/ring_332302.html,6 500 руб. - 7 000 руб.
2024-06-05,Sunlight,1.31,8919.0,БК ПОДВЕС ДЕКОР,6808.0,"Цены ниже! Ещё -15%, код: НОЧЬ до 11:00",https://sunlight.net/catalog/pendants_349877.html,6 500 руб. - 7 000 руб.
2024-06-05,Sunlight,0.23,1898.0,БК ПОДВЕС ДЕКОР,8252.0,"Цены ниже! Ещё -15%, код: НОЧЬ до 11:00",https://sunlight.net/catalog/pendants_39666.html,8 000 руб. - 9 000 руб.
2024-06-05,Sunlight,3.14,25194.0,БК СЕРЬГИ,8024.0,"Цены ниже! Ещё -10%, код: НОЧЬ до 11:00",https://sunlight.net/catalog/earring_989051.html,8 000 руб. - 9 000 руб.
2024-06-05,Sunlight,1.11,6924.0,БК ПОДВЕС ДЕКОР,6238.0,"Цены ниже! Ещё -10%, код: НОЧЬ до 11:00",https://sunlight.net/catalog/pendants_348598.html,6 000 руб. - 6 500 руб.
2024-06-05,Sunlight,1.47,8395.0,БК КОЛЬЦА,5711.0,"Цены ниже! Ещё -15%, код: НОЧЬ до 11:00",https://sunlight.net/catalog/ring_344025.html,5 500 руб. - 6 000 руб.
2024-06-05,Sunlight,13.76,93430.0,ЦБ ЦЕПИ,6790.0,ХИТ-цена,https://sunlight.net/catalog/chains_84062.html,6 500 руб. - 7 000 руб.
2024-06-05,Sunlight,5.31,31807.0,ЦБ БРАСЛЕТЫ,5990.0,ХИТ-цена,https://sunlight.net/catalog/bracelets_129927.html,5 500 руб. - 6 000 руб.
2024-06-05,Sunlight,6.34,42252.0,ЦБ БРАСЛЕТЫ,6664.0,"Цены ниже! Ещё -20%, код: НОЧЬ до 11:00",https://sunlight.net/catalog/bracelets_351765.html,6 500 руб. - 7 000 руб.
2024-06-05,Sunlight,15.56,90092.0,ЦБ ЦЕПИ,5790.0,ХИТ-цена,https://sunlight.net/catalog/chains_985807.html,5 500 руб. - 6 000 руб.
2024-06-05,Sunlight,1.26,8417.0,БК КОЛЬЦА ОБРУЧ,6680.0,"Цены ниже! Ещё -10%, код: НОЧЬ до 11:00",https://sunlight.net/catalog/ring_338021.html,6 500 руб. - 7 000 руб.
2024-06-05,Sunlight,2.9,18264.0,БК СЕРЬГИ,6298.0,"Цены ниже! Ещё -10%, код: НОЧЬ до 11:00",https://sunlight.net/catalog/earring_351287.html,6 000 руб. - 6 500 руб.
2024-06-05,Sunlight,0.66,4404.0,БК ПОДВЕС КУЛЬТ,6673.0,"Цены ниже! Ещё -10%, код: НОЧЬ до 11:00",https://sunlight.net/catalog/pendants_352096.html,6 500 руб. - 7 000 руб.
2024-06-05,Sunlight,1.75,11172.0,БК КОЛЬЦА,6384.0,"Цены ниже! Ещё -20%, код: НОЧЬ до 11:00",https://sunlight.net/catalog/ring_992397.html,6 000 руб. - 6 500 руб.
2024-06-05,Sunlight,3.13,18894.0,БК СЕРЬГИ,6036.0,"Цены ниже! Ещё -10%, код: НОЧЬ до 11:00",https://sunlight.net/catalog/earring_997091.html,6 000 руб. - 6 500 руб.
2024-06-05,Sunlight,0.89,5647.0,БК СЕРЬГИ,6345.0,"Цены ниже! Ещё -15%, код: НОЧЬ до 11:00",https://sunlight.net/catalog/earring_353497.html,6 000 руб. - 6 500 руб.
2024-06-05,Sunlight,1.49,10074.0,БК ПОДВЕС ДЕКОР,6761.0,"Цены ниже! Ещё -20%, код: НОЧЬ до 11:00",https://sunlight.net/catalog/pendants_271324.html,6 500 руб. - 7 000 руб.
2024-06-05,Sunlight,1.76,9866.0,БК КОЛЬЦА,5606.0,"Цены ниже! Ещё -10%, код: НОЧЬ до 11:00",https://sunlight.net/catalog/ring_348032.html,5 500 руб. - 6 000 руб.
2024-06-05,Sunlight,1.56,8919.0,БК СЕРЬГИ,5717.0,"Цены ниже! Ещё -15%, код: НОЧЬ до 11:00",https://sunlight.net/catalog/earring_343274.html,5 500 руб. - 6 000 руб.
2024-06-05,Sunlight,0.86,5034.0,БК ПОДВЕС КУЛЬТ,5853.0,"Цены ниже! Ещё -10%, код: НОЧЬ до 11:00",https://sunlight.net/catalog/pendants_352093.html,5 500 руб. - 6 000 руб.
2024-06-05,Sunlight,3.38,18894.0,БК СЕРЬГИ,5590.0,"Цены ниже! Ещё -10%, код: НОЧЬ до 11:00",https://sunlight.net/catalog/earring_353946.html,5 500 руб. - 6 000 руб.
2024-06-05,Sunlight,2.36,13679.0,БК СЕРЬГИ,5796.0,"Цены ниже! Ещё -15%, код: НОЧЬ до 11:00",https://sunlight.net/catalog/earring_341245.html,5 500 руб. - 6 000 руб.
2024-06-05,Sunlight,2.13,12594.0,БК СЕРЬГИ,5913.0,"Цены ниже! Ещё -10%, код: НОЧЬ до 11:00",https://sunlight.net/catalog/earring_345689.html,5 500 руб. - 6 000 руб.
2024-06-05,Sunlight,1.19,6837.0,БК ПОДВЕС ДЕКОР,5745.0,"Цены ниже! Ещё -15%, код: НОЧЬ до 11:00",https://sunlight.net/catalog/pendants_341075.html,5 500 руб. - 6 000 руб.
2024-06-05,Sunlight,10.86,70481.0,ЦБ ЦЕПИ,6490.0,ХИТ-цена,https://sunlight.net/catalog/chains_111061.html,6 000 руб. - 6 500 руб.
2024-06-05,Sunlight,16.91,92836.0,ЦБ ЦЕПИ,5490.0,ХИТ-цена,https://sunlight.net/catalog/chains_74091.html,до 5 500 руб.
2024-06-05,Sunlight,8.15,45101.0,ЦБ БРАСЛЕТЫ,5534.0,"Цены ниже! Ещё -15%, код: НОЧЬ до 11:00",https://sunlight.net/catalog/bracelets_78732.html,5 500 руб. - 6 000 руб.
2024-06-05,Sunlight,1.2,8988.0,ЦБ БРАСЛЕТЫ,7490.0,ХИТ-цена,https://sunlight.net/catalog/bracelets_988196.html,7 000 руб. - 8 000 руб.
2024-06-05,Sunlight,3.41,24145.0,ЦБ БРАСЛЕТЫ,7081.0,"Цены ниже! Ещё -15%, код: НОЧЬ до 11:00",https://sunlight.net/catalog/bracelets_308158.html,7 000 руб. - 8 000 руб.
2024-06-05,Sunlight,3.52,24605.0,ЦБ ЦЕПИ,6990.0,ХИТ-цена,https://sunlight.net/catalog/chains_80663.html,6 500 руб. - 7 000 руб.
2024-06-05,Sunlight,1.26,8027.0,БК СЕРЬГИ,6371.0,"Цены ниже! Ещё -15%, код: НОЧЬ до 11:00",https://sunlight.net/catalog/earring_258277.html,6 000 руб. - 6 500 руб.
2024-06-05,Sunlight,1.38,8394.0,БК СЕРЬГИ,6083.0,"Цены ниже! Ещё -20%, код: НОЧЬ до 11:00",https://sunlight.net/catalog/earring_278043.html,6 000 руб. - 6 500 руб.
2024-06-05,Sunlight,1.04,6609.0,БК ПОДВЕС ДЕКОР,6355.0,"Цены ниже! Ещё -10%, код: НОЧЬ до 11:00",https://sunlight.net/catalog/pendants_353004.html,6 000 руб. - 6 500 руб.
2024-06-05,Sunlight,2.75,19629.0,БК СЕРЬГИ,7138.0,"Цены ниже! Ещё -15%, код: НОЧЬ до 11:00",https://sunlight.net/catalog/earring_254869.html,7 000 руб. - 8 000 руб.
2024-06-05,Sunlight,1.0,6294.0,БК ПОДВЕС ДЕКОР,6294.0,"Цены ниже! Ещё -10%, код: НОЧЬ до 11:00",https://sunlight.net/catalog/pendants_328002.html,6 000 руб. - 6 500 руб.
2024-06-05,Sunlight,1.66,9519.0,БК КОЛЬЦА,5734.0,"Цены ниже! Ещё -10%, код: НОЧЬ до 11:00",https://sunlight.net/catalog/ring_353862.html,5 500 руб. - 6 000 руб.
2024-06-05,Sunlight,3.0,18264.0,БК СЕРЬГИ,6088.0,"Цены ниже! Ещё -10%, код: НОЧЬ до 11:00",https://sunlight.net/catalog/earring_341068.html,6 000 руб. - 6 500 руб.
2024-06-05,Sunlight,1.96,10847.0,БК КОЛЬЦА,5534.0,"Цены ниже! Ещё -15%, код: НОЧЬ до 11:00",https://sunlight.net/catalog/ring_353979.html,5 500 руб. - 6 000 руб.
2024-06-05,Sunlight,2.14,12594.0,БК СЕРЬГИ,5885.0,"Цены ниже! Ещё -10%, код: НОЧЬ до 11:00",https://sunlight.net/catalog/earring_348605.html,5 500 руб. - 6 000 руб.
2024-06-05,Sunlight,2.04,14872.0,ЦБ ЦЕПИ,7290.0,ХИТ-цена,https://sunlight.net/catalog/chains_994288.html,7 000 руб. - 8 000 руб.
2024-06-05,Sunlight,8.04,49768.0,ЦБ ЦЕПИ,6190.0,ХИТ-цена,https://sunlight.net/catalog/chains_51596.html,6 000 руб. - 6 500 руб.
2024-06-05,Sunlight,12.26,75889.0,ЦБ ЦЕПИ,6190.0,ХИТ-цена,https://sunlight.net/catalog/chains_92621.html,6 000 руб. - 6 500 руб.
2024-06-05,Sunlight,1.78,12923.0,ЦБ БРАСЛЕТЫ,7260.0,"Цены ниже! Ещё -15%, код: НОЧЬ до 11:00",https://sunlight.net/catalog/bracelets_343343.html,7 000 руб. - 8 000 руб.
2024-06-05,Sunlight,4.08,23623.0,ЦБ ЦЕПИ,5790.0,ХИТ-цена,https://sunlight.net/catalog/chains_330204.html,5 500 руб. - 6 000 руб.
2024-06-05,Sunlight,16.35,94667.0,ЦБ ЦЕПИ,5790.0,ХИТ-цена,https://sunlight.net/catalog/chains_985808.html,5 500 руб. - 6 000 руб.
2024-06-05,Sunlight,13.27,95861.0,ЦБ БРАСЛЕТЫ,7224.0,"Цены ниже! Ещё -20%, код: НОЧЬ до 11:00",https://sunlight.net/catalog/bracelets_301765.html,7 000 руб. - 8 000 руб.
2024-06-05,Sunlight,1.67,12858.0,БК КОЛЬЦА ОБРУЧ,7699.0,"Второе в подарок, код 1=2, Цены ниже! Ещё -20%, код: НОЧЬ до 11:00",https://sunlight.net/catalog/ring_64315.html,7 000 руб. - 8 000 руб.
2024-06-05,Sunlight,4.96,31577.0,БК КОЛЬЦА ОБРУЧ,6366.0,"Цены ниже! Ещё -15%, код: НОЧЬ до 11:00",https://sunlight.net/catalog/ring_984568.html,6 000 руб. - 6 500 руб.
2024-06-05,Sunlight,1.52,8618.0,БК КОЛЬЦА,5670.0,"Цены ниже! Ещё -10%, код: НОЧЬ до 11:00",https://sunlight.net/catalog/ring_73592.html,5 500 руб. - 6 000 руб.
2024-06-05,Sunlight,1.28,7869.0,БК СЕРЬГИ,6148.0,"Цены ниже! Ещё -10%, код: НОЧЬ до 11:00",https://sunlight.net/catalog/earring_353498.html,6 000 руб. - 6 500 руб.
2024-06-05,Sunlight,0.76,4474.0,БК СЕРЬГИ,5887.0,"Цены ниже! Ещё -20%, код: НОЧЬ до 11:00",https://sunlight.net/catalog/earring_991539.html,5 500 руб. - 6 000 руб.
2024-06-05,Sunlight,2.96,18894.0,БК ПОДВЕС КУЛЬТ,6383.0,"Цены ниже! Ещё -10%, код: НОЧЬ до 11:00",https://sunlight.net/catalog/pendants_988796.html,6 000 руб. - 6 500 руб.
2024-06-05,Sunlight,1.36,8324.0,БК СЕРЬГИ,6121.0,"Цены ниже! Ещё -15%, код: НОЧЬ до 11:00",https://sunlight.net/catalog/earring_87483.html,6 000 руб. - 6 500 руб.
2024-06-05,Sunlight,1.48,9444.0,БК ПОДВЕС КУЛЬТ,6381.0,"Цены ниже! Ещё -10%, код: НОЧЬ до 11:00",https://sunlight.net/catalog/pendants_352039.html,6 000 руб. - 6 500 руб.
2024-06-05,Sunlight,1.25,7239.0,БК ПОДВЕС ДЕКОР,5791.0,"Цены ниже! Ещё -10%, код: НОЧЬ до 11:00",https://sunlight.net/catalog/pendants_92831.html,5 500 руб. - 6 000 руб.
2024-06-05,Sunlight,1.14,6394.0,БК КОЛЬЦА,5609.0,"Цены ниже! Ещё -10%, код: НОЧЬ до 11:00",https://sunlight.net/catalog/ring_348037.html,5 500 руб. - 6 000 руб.
2024-06-05,Sunlight,2.71,16046.0,БК КОЛЬЦА,5921.0,"Цены ниже! Ещё -10%, код: НОЧЬ до 11:00",https://sunlight.net/catalog/ring_346481.html,5 500 руб. - 6 000 руб.
2024-06-05,Sunlight,2.98,20830.0,ЦБ ЦЕПИ,6990.0,ХИТ-цена,https://sunlight.net/catalog/chains_88578.html,6 500 руб. - 7 000 руб.
2024-06-05,Sunlight,1.1,7239.0,БК ПОДВЕС КУЛЬТ,6581.0,"Цены ниже! Ещё -10%, код: НОЧЬ до 11:00",https://sunlight.net/catalog/pendants_352066.html,6 500 руб. - 7 000 руб.
2024-06-05,Sunlight,1.11,7991.0,ЦБ БРАСЛЕТЫ,7199.0,"Цены ниже! Ещё -15%, код: НОЧЬ до 11:00",https://sunlight.net/catalog/bracelets_96920.html,7 000 руб. - 8 000 руб.
2024-06-05,Sunlight,3.38,23626.0,ЦБ ЦЕПИ,6990.0,ХИТ-цена,https://sunlight.net/catalog/chains_89759.html,6 500 руб. - 7 000 руб.
2024-06-05,Sunlight,0.77,5874.0,БК ПОДВЕС ДЕКОР,7629.0,"Цены ниже! Ещё -20%, код: НОЧЬ до 11:00",https://sunlight.net/catalog/pendants_988804.html,7 000 руб. - 8 000 руб.
2024-06-05,Sunlight,3.14,19058.0,БК КОЛЬЦА ОБРУЧ,6069.0,"Цены ниже! Ещё -15%, код: НОЧЬ до 11:00",https://sunlight.net/catalog/ring_333921.html,6 000 руб. - 6 500 руб.
2024-06-05,Sunlight,2.69,19367.0,БК КОЛЬЦА,7200.0,"Цены ниже! Ещё -15%, код: НОЧЬ до 11:00",https://sunlight.net/catalog/ring_994937.html,7 000 руб. - 8 000 руб.
2024-06-05,Sunlight,0.26,2493.0,БК ПОДВЕС ДЕКОР,9588.0,"Цены ниже! Ещё -15%, код: НОЧЬ до 11:00",https://sunlight.net/catalog/pendants_349946.html,9 000 руб. - 10 000 руб.
2024-06-05,Sunlight,2.52,15464.0,БК СЕРЬГИ,6137.0,"Цены ниже! Ещё -15%, код: НОЧЬ до 11:00",https://sunlight.net/catalog/earring_327996.html,6 000 руб. - 6 500 руб.
2024-06-05,Sunlight,0.89,5647.0,БК СЕРЬГИ,6345.0,"Цены ниже! Ещё -15%, код: НОЧЬ до 11:00",https://sunlight.net/catalog/one_earring_355512.html,6 000 руб. - 6 500 руб.
2024-06-05,Sunlight,3.93,24564.0,БК СЕРЬГИ,6250.0,"Цены ниже! Ещё -10%, код: НОЧЬ до 11:00",https://sunlight.net/catalog/earring_333441.html,6 000 руб. - 6 500 руб.
2024-06-05,Sunlight,0.72,5349.0,БК ПОДВЕС КУЛЬТ,7429.0,"Цены ниже! Ещё -15%, код: НОЧЬ до 11:00",https://sunlight.net/catalog/pendants_352091.html,7 000 руб. - 8 000 руб.
2024-06-05,Sunlight,1.02,6609.0,БК ПОДВЕС ДЕКОР,6479.0,"Цены ниже! Ещё -10%, код: НОЧЬ до 11:00",https://sunlight.net/catalog/pendants_353002.html,6 000 руб. - 6 500 руб.
2024-06-05,Sunlight,1.48,8581.0,БК КОЛЬЦА,5798.0,"Цены ниже! Ещё -10%, код: НОЧЬ до 11:00",https://sunlight.net/catalog/ring_349150.html,5 500 руб. - 6 000 руб.
2024-06-05,Sunlight,2.34,13224.0,БК СЕРЬГИ,5651.0,"Цены ниже! Ещё -10%, код: НОЧЬ до 11:00",https://sunlight.net/catalog/earring_340378.html,5 500 руб. - 6 000 руб.
2024-06-05,Sunlight,11.8,76582.0,ЦБ БРАСЛЕТЫ,6490.0,ХИТ-цена,https://sunlight.net/catalog/bracelets_153128.html,6 000 руб. - 6 500 руб.
2024-06-05,Sunlight,4.8,34272.0,ЦБ БРАСЛЕТЫ,7140.0,"Цены ниже! Ещё -15%, код: НОЧЬ до 11:00",https://sunlight.net/catalog/bracelets_342363.html,7 000 руб. - 8 000 руб.
2024-06-05,Sunlight,1.6,10662.0,БК КОЛЬЦА ОБРУЧ,6664.0,"Цены ниже! Ещё -15%, код: НОЧЬ до 11:00",https://sunlight.net/catalog/ring_984574.html,6 500 руб. - 7 000 руб.
2024-06-05,Sunlight,3.59,22432.0,БК КОЛЬЦА ОБРУЧ,6248.0,"Цены ниже! Ещё -15%, код: НОЧЬ до 11:00",https://sunlight.net/catalog/ring_332307.html,6 000 руб. - 6 500 руб.
2024-06-05,Sunlight,1.63,11638.0,БК КОЛЬЦА,7140.0,"Цены ниже! Ещё -15%, код: НОЧЬ до 11:00",https://sunlight.net/catalog/ring_994944.html,7 000 руб. - 8 000 руб.
2024-06-05,Sunlight,2.53,15744.0,БК СЕРЬГИ,6223.0,"Цены ниже! Ещё -10%, код: НОЧЬ до 11:00",https://sunlight.net/catalog/earring_329430.html,6 000 руб. - 6 500 руб.
2024-06-05,Sunlight,1.81,10704.0,БК СЕРЬГИ,5914.0,"Цены ниже! Ещё -10%, код: НОЧЬ до 11:00",https://sunlight.net/catalog/earring_348253.html,5 500 руб. - 6 000 руб.
2024-06-05,Sunlight,2.03,12929.0,БК КОЛЬЦА,6369.0,"Цены ниже! Ещё -5%, код: НОЧЬ до 11:00",https://sunlight.net/catalog/ring_331875.html,6 000 руб. - 6 500 руб.
2024-06-05,Sunlight,1.95,11964.0,БК СЕРЬГИ,6135.0,"Цены ниже! Ещё -10%, код: НОЧЬ до 11:00",https://sunlight.net/catalog/earring_354007.html,6 000 руб. - 6 500 руб.
2024-06-05,Sunlight,2.2,12335.0,БК КОЛЬЦА,5607.0,"Цены ниже! Ещё -10%, код: НОЧЬ до 11:00",https://sunlight.net/catalog/ring_353005.html,5 500 руб. - 6 000 руб.
2024-06-05,Sunlight,2.72,15252.0,БК КОЛЬЦА,5607.0,"Цены ниже! Ещё -10%, код: НОЧЬ до 11:00",https://sunlight.net/catalog/ring_354893.html,5 500 руб. - 6 000 руб.
2024-06-05,Sunlight,3.24,22648.0,ЦБ ЦЕПИ,6990.0,ХИТ-цена,https://sunlight.net/catalog/chains_289289.html,6 500 руб. - 7 000 руб.
2024-06-05,Sunlight,3.96,27680.0,ЦБ ЦЕПИ,6990.0,ХИТ-цена,https://sunlight.net/catalog/chains_993814.html,6 500 руб. - 7 000 руб.
2024-06-05,Sunlight,5.34,37327.0,ЦБ БРАСЛЕТЫ,6990.0,ХИТ-цена,https://sunlight.net/catalog/bracelets_153440.html,6 500 руб. - 7 000 руб.
2024-06-05,Sunlight,49.25,285158.0,ЦБ БРАСЛЕТЫ,5790.0,ХИТ-цена,https://sunlight.net/catalog/bracelets_344751.html,5 500 руб. - 6 000 руб.
2024-06-05,Sunlight,8.34,44369.0,ЦБ БРАСЛЕТЫ,5320.0,"Цены ниже! Ещё -20%, код: НОЧЬ до 11:00",https://sunlight.net/catalog/bracelets_341398.html,до 5 500 руб.
2024-06-05,Sunlight,2.16,12109.0,ЦБ БРАСЛЕТЫ,5606.0,"Цены ниже! Ещё -10%, код: НОЧЬ до 11:00",https://sunlight.net/catalog/bracelets_336258.html,5 500 руб. - 6 000 руб.
2024-06-05,Sunlight,2.84,15714.0,ЦБ БРАСЛЕТЫ,5533.0,"Цены ниже! Ещё -15%, код: НОЧЬ до 11:00",https://sunlight.net/catalog/bracelets_103875.html,5 500 руб. - 6 000 руб.
2024-06-05,Sunlight,2.98,17844.0,БК СЕРЬГИ,5988.0,"Цены ниже! Ещё -15%, код: НОЧЬ до 11:00",https://sunlight.net/catalog/earring_992448.html,5 500 руб. - 6 000 руб.
2024-06-05,Sunlight,1.36,8027.0,БК СЕРЬГИ,5902.0,"Цены ниже! Ещё -15%, код: НОЧЬ до 11:00",https://sunlight.net/catalog/earring_349867.html,5 500 руб. - 6 000 руб.
2024-06-05,Sunlight,1.12,6924.0,БК ПОДВЕС КУЛЬТ,6182.0,"Цены ниже! Ещё -10%, код: НОЧЬ до 11:00",https://sunlight.net/catalog/pendants_354314.html,6 000 руб. - 6 500 руб.
2024-06-05,Sunlight,1.51,8562.0,БК КОЛЬЦА,5670.0,"Цены ниже! Ещё -10%, код: НОЧЬ до 11:00",https://sunlight.net/catalog/ring_353995.html,5 500 руб. - 6 000 руб.
2024-06-05,Sunlight,2.06,11964.0,БК СЕРЬГИ,5808.0,"Цены ниже! Ещё -10%, код: НОЧЬ до 11:00",https://sunlight.net/catalog/earring_992008.html,5 500 руб. - 6 000 руб.
2024-06-05,Sunlight,2.34,14484.0,БК СЕРЬГИ,6190.0,"Цены ниже! Ещё -10%, код: НОЧЬ до 11:00",https://sunlight.net/catalog/earring_988512.html,6 000 руб. - 6 500 руб.
2024-06-05,Sunlight,2.34,15114.0,БК ПОДВЕС ДЕКОР,6459.0,"Цены ниже! Ещё -10%, код: НОЧЬ до 11:00",https://sunlight.net/catalog/pendants_988778.html,6 000 руб. - 6 500 руб.
2024-06-05,Sunlight,2.23,13854.0,БК ПОДВЕС ДЕКОР,6213.0,"Цены ниже! Ещё -10%, код: НОЧЬ до 11:00",https://sunlight.net/catalog/pendants_353707.html,6 000 руб. - 6 500 руб.
2024-06-05,Sunlight,2.24,13224.0,БК СЕРЬГИ,5904.0,"Цены ниже! Ещё -10%, код: НОЧЬ до 11:00",https://sunlight.net/catalog/earring_345710.html,5 500 руб. - 6 000 руб.
2024-06-05,Sunlight,4.83,27084.0,БК СЕРЬГИ,5607.0,"Цены ниже! Ещё -10%, код: НОЧЬ до 11:00",https://sunlight.net/catalog/earring_336619.html,5 500 руб. - 6 000 руб.
2024-06-05,Sunlight,3.77,27483.0,ЦБ ЦЕПИ,7290.0,ХИТ-цена,https://sunlight.net/catalog/chains_144212.html,7 000 руб. - 8 000 руб.
2024-06-05,Sunlight,6.46,37403.0,ЦБ ЦЕПИ,5790.0,ХИТ-цена,https://sunlight.net/catalog/chains_73461.html,5 500 руб. - 6 000 руб.
2024-06-05,Sunlight,7.66,48474.0,ЦБ БРАСЛЕТЫ,6328.0,"Цены ниже! Ещё -20%, код: НОЧЬ до 11:00",https://sunlight.net/catalog/bracelets_343099.html,6 000 руб. - 6 500 руб.
2024-06-05,Sunlight,7.15,46850.0,ЦБ БРАСЛЕТЫ,6552.0,"Цены ниже! Ещё -20%, код: НОЧЬ до 11:00",https://sunlight.net/catalog/bracelets_341399.html,6 500 руб. - 7 000 руб.
2024-06-05,Sunlight,32.62,188870.0,ЦБ ЦЕПИ,5790.0,ХИТ-цена,https://sunlight.net/catalog/chains_278178.html,5 500 руб. - 6 000 руб.
2024-06-05,Sunlight,2.42,16432.0,ЦБ БРАСЛЕТЫ,6790.0,ХИТ-цена,https://sunlight.net/catalog/bracelets_51422.html,6 500 руб. - 7 000 руб.
2024-06-05,Sunlight,2.1,12620.0,БК КОЛЬЦА ОБРУЧ,6010.0,"Цены ниже! Ещё -15%, код: НОЧЬ до 11:00",https://sunlight.net/catalog/ring_339567.html,6 000 руб. - 6 500 руб.
2024-06-05,Sunlight,2.11,12594.0,БК СЕРЬГИ,5969.0,"Цены ниже! Ещё -10%, код: НОЧЬ до 11:00",https://sunlight.net/catalog/earring_348366.html,5 500 руб. - 6 000 руб.
2024-06-05,Sunlight,0.97,6294.0,БК ПОДВЕС ДЕКОР,6489.0,"Цены ниже! Ещё -10%, код: НОЧЬ до 11:00",https://sunlight.net/catalog/pendants_353009.html,6 000 руб. - 6 500 руб.
2024-06-05,Sunlight,1.27,7239.0,БК СЕРЬГИ,5700.0,"Цены ниже! Ещё -10%, код: НОЧЬ до 11:00",https://sunlight.net/catalog/piercing_341514.html,5 500 руб. - 6 000 руб.
2024-06-05,Sunlight,8.02,56588.0,БК КОЛЬЦА,7056.0,"Цены ниже! Ещё -20%, код: НОЧЬ до 11:00",https://sunlight.net/catalog/ring_354822.html,7 000 руб. - 8 000 руб.
2024-06-05,Sunlight,2.72,15592.0,БК КОЛЬЦА,5732.0,"Цены ниже! Ещё -10%, код: НОЧЬ до 11:00",https://sunlight.net/catalog/ring_335734.html,5 500 руб. - 6 000 руб.
2024-06-05,Sunlight,1.26,7869.0,БК СЕРЬГИ,6245.0,"Цены ниже! Ещё -10%, код: НОЧЬ до 11:00",https://sunlight.net/catalog/earring_353710.html,6 000 руб. - 6 500 руб.
2024-06-05,Sunlight,1.78,10704.0,БК СЕРЬГИ,6013.0,"Цены ниже! Ещё -10%, код: НОЧЬ до 11:00",https://sunlight.net/catalog/earring_244092.html,6 000 руб. - 6 500 руб.
2024-06-05,Sunlight,0.69,4159.0,БК СЕРЬГИ,6028.0,"Цены ниже! Ещё -15%, код: НОЧЬ до 11:00",https://sunlight.net/catalog/earring_343678.html,6 000 руб. - 6 500 руб.
2024-06-05,Sunlight,1.38,7800.0,БК КОЛЬЦА,5652.0,"Цены ниже! Ещё -15%, код: НОЧЬ до 11:00",https://sunlight.net/catalog/ring_983980.html,5 500 руб. - 6 000 руб.
2024-06-05,Sunlight,2.59,19399.0,ЦБ ЦЕПИ,7490.0,ХИТ-цена,https://sunlight.net/catalog/chains_326066.html,7 000 руб. - 8 000 руб.
2024-06-05,Sunlight,15.46,106674.0,ЦБ БРАСЛЕТЫ,6900.0,ХИТ-цена,https://sunlight.net/catalog/bracelets_349029.html,6 500 руб. - 7 000 руб.
2024-06-05,Sunlight,6.0,39144.0,ЦБ БРАСЛЕТЫ,6524.0,"Цены ниже! Ещё -20%, код: НОЧЬ до 11:00",https://sunlight.net/catalog/bracelets_79016.html,6 500 руб. - 7 000 руб.
2024-06-05,Sunlight,5.08,35664.0,ЦБ БРАСЛЕТЫ,7020.0,"Цены ниже! Ещё -15%, код: НОЧЬ до 11:00",https://sunlight.net/catalog/bracelets_351783.html,7 000 руб. - 8 000 руб.
2024-06-05,Sunlight,2.07,14905.0,ЦБ БРАСЛЕТЫ,7200.0,"Цены ниже! Ещё -15%, код: НОЧЬ до 11:00",https://sunlight.net/catalog/bracelets_330839.html,7 000 руб. - 8 000 руб.
2024-06-05,Sunlight,6.72,37680.0,ЦБ БРАСЛЕТЫ,5607.0,"Цены ниже! Ещё -10%, код: НОЧЬ до 11:00",https://sunlight.net/catalog/bracelets_328129.html,5 500 руб. - 6 000 руб.
2024-06-05,Sunlight,12.45,68350.0,ЦБ БРАСЛЕТЫ,5490.0,ХИТ-цена,https://sunlight.net/catalog/bracelets_130476.html,до 5 500 руб.
2024-06-05,Sunlight,2.52,20224.0,БК ПОДВЕС ДЕКОР,8025.0,"Цены ниже! Ещё -15%, код: НОЧЬ до 11:00",https://sunlight.net/catalog/pendants_354877.html,8 000 руб. - 9 000 руб.
2024-06-05,Sunlight,7.54,50249.0,БК КОЛЬЦА,6664.0,"Цены ниже! Ещё -20%, код: НОЧЬ до 11:00",https://sunlight.net/catalog/ring_354823.html,6 500 руб. - 7 000 руб.
2024-06-05,Sunlight,1.45,8404.0,БК КОЛЬЦА,5796.0,"Цены ниже! Ещё -10%, код: НОЧЬ до 11:00",https://sunlight.net/catalog/ring_331911.html,5 500 руб. - 6 000 руб.
2024-06-05,Sunlight,1.13,6609.0,БК СЕРЬГИ,5849.0,"Цены ниже! Ещё -10%, код: НОЧЬ до 11:00",https://sunlight.net/catalog/earring_353064.html,5 500 руб. - 6 000 руб.
2024-06-05,Sunlight,2.99,18264.0,БК СЕРЬГИ,6108.0,"Цены ниже! Ещё -10%, код: НОЧЬ до 11:00",https://sunlight.net/catalog/earring_344090.html,6 000 руб. - 6 500 руб.
2024-06-05,Sunlight,0.77,4457.0,БК ПОДВЕС ДЕКОР,5788.0,"Цены ниже! Ещё -15%, код: НОЧЬ до 11:00",https://sunlight.net/catalog/pendants_343322.html,5 500 руб. - 6 000 руб.
2024-06-05,Sunlight,1.17,8027.0,БК ПОДВЕС ДЕКОР,6861.0,"Цены ниже! Ещё -15%, код: НОЧЬ до 11:00",https://sunlight.net/catalog/pendants_983712.html,6 500 руб. - 7 000 руб.
2024-06-05,Sunlight,1.25,8324.0,БК СЕРЬГИ,6659.0,"Цены ниже! Ещё -15%, код: НОЧЬ до 11:00",https://sunlight.net/catalog/earring_284953.html,6 500 руб. - 7 000 руб.
2024-06-05,Sunlight,2.92,20411.0,ЦБ БРАСЛЕТЫ,6990.0,ХИТ-цена,https://sunlight.net/catalog/bracelets_66404.html,6 500 руб. - 7 000 руб.
2024-06-05,Sunlight,11.35,73662.0,ЦБ ЦЕПИ,6490.0,ХИТ-цена,https://sunlight.net/catalog/chains_111044.html,6 000 руб. - 6 500 руб.
2024-06-05,Sunlight,1.87,10827.0,ЦБ ЦЕПИ,5790.0,ХИТ-цена,https://sunlight.net/catalog/chains_89676.html,5 500 руб. - 6 000 руб.
2024-06-05,Sunlight,3.92,25441.0,ЦБ ЦЕПИ,6490.0,ХИТ-цена,https://sunlight.net/catalog/chains_104929.html,6 000 руб. - 6 500 руб.
2024-06-05,Sunlight,3.08,23461.0,ЦБ БРАСЛЕТЫ,7617.0,"Цены ниже! Ещё -10%, код: НОЧЬ до 11:00",https://sunlight.net/catalog/bracelets_105106.html,7 000 руб. - 8 000 руб.
2024-06-05,Sunlight,2.56,20224.0,БК СЕРЬГИ,7900.0,"Цены ниже! Ещё -15%, код: НОЧЬ до 11:00",https://sunlight.net/catalog/earring_991678.html,7 000 руб. - 8 000 руб.
2024-06-05,Sunlight,3.25,19528.0,БК КОЛЬЦА ОБРУЧ,6009.0,"Цены ниже! Ещё -15%, код: НОЧЬ до 11:00",https://sunlight.net/catalog/ring_339568.html,6 000 руб. - 6 500 руб.
2024-06-05,Sunlight,2.8,17160.0,БК КОЛЬЦА ОБРУЧ,6129.0,"Цены ниже! Ещё -15%, код: НОЧЬ до 11:00",https://sunlight.net/catalog/ring_340247.html,6 000 руб. - 6 500 руб.
2024-06-05,Sunlight,2.87,19034.0,БК СЕРЬГИ,6632.0,"Цены ниже! Ещё -20%, код: НОЧЬ до 11:00",https://sunlight.net/catalog/earring_349025.html,6 500 руб. - 7 000 руб.
2024-06-05,Sunlight,0.82,5034.0,БК СЕРЬГИ,6139.0,"Цены ниже! Ещё -10%, код: НОЧЬ до 11:00",https://sunlight.net/catalog/earring_267533.html,6 000 руб. - 6 500 руб.
2024-06-05,Sunlight,3.82,22138.0,БК КОЛЬЦА,5795.0,"Цены ниже! Ещё -10%, код: НОЧЬ до 11:00",https://sunlight.net/catalog/ring_348527.html,5 500 руб. - 6 000 руб.
2024-06-05,Sunlight,1.83,10609.0,БК КОЛЬЦА,5797.0,"Цены ниже! Ещё -10%, код: НОЧЬ до 11:00",https://sunlight.net/catalog/ring_354903.html,5 500 руб. - 6 000 руб.
2024-06-05,Sunlight,1.12,6924.0,БК ПОДВЕС ДЕКОР,6182.0,"Цены ниже! Ещё -10%, код: НОЧЬ до 11:00",https://sunlight.net/catalog/pendants_353463.html,6 000 руб. - 6 500 руб.
2024-06-05,Sunlight,0.62,4089.0,БК ПОДВЕС ДЕКОР,6595.0,"Цены ниже! Ещё -10%, код: НОЧЬ до 11:00",https://sunlight.net/catalog/pendants_353634.html,6 500 руб. - 7 000 руб.
2024-06-05,Sunlight,0.91,5594.0,БК ПОДВЕС ДЕКОР,6147.0,"Цены ниже! Ещё -20%, код: НОЧЬ до 11:00",https://sunlight.net/catalog/pendants_340362.html,6 000 руб. - 6 500 руб.
2024-06-05,Sunlight,1.88,13141.0,ЦБ БРАСЛЕТЫ,6990.0,ХИТ-цена,https://sunlight.net/catalog/bracelets_314530.html,6 500 руб. - 7 000 руб.
2024-06-05,Sunlight,3.87,23296.0,БК КОЛЬЦА,6020.0,"Цены ниже! Ещё -5%, код: НОЧЬ до 11:00",https://sunlight.net/catalog/ring_348035.html,6 000 руб. - 6 500 руб.
2024-06-05,Sunlight,11.05,67062.0,ЦБ БРАСЛЕТЫ,6069.0,"Цены ниже! Ещё -15%, код: НОЧЬ до 11:00",https://sunlight.net/catalog/bracelets_351769.html,6 000 руб. - 6 500 руб.
2024-06-05,Sunlight,6.63,46413.0,ЦБ БРАСЛЕТЫ,7000.0,"Цены ниже! Ещё -20%, код: НОЧЬ до 11:00",https://sunlight.net/catalog/bracelets_351755.html,6 500 руб. - 7 000 руб.
2024-06-05,Sunlight,6.43,44794.0,ЦБ БРАСЛЕТЫ,6966.0,"Цены ниже! Ещё -20%, код: НОЧЬ до 11:00",https://sunlight.net/catalog/bracelets_91888.html,6 500 руб. - 7 000 руб.
2024-06-05,Sunlight,1.18,8568.0,БК КОЛЬЦА,7261.0,"Цены ниже! Ещё -15%, код: НОЧЬ до 11:00",https://sunlight.net/catalog/ring_324308.html,7 000 руб. - 8 000 руб.
2024-06-05,Sunlight,0.85,5594.0,БК СЕРЬГИ,6581.0,"Цены ниже! Ещё -20%, код: НОЧЬ до 11:00",https://sunlight.net/catalog/earring_72496.html,6 500 руб. - 7 000 руб.
2024-06-05,Sunlight,1.78,11864.0,БК КОЛЬЦА ОБРУЧ,6665.0,"Цены ниже! Ещё -15%, код: НОЧЬ до 11:00",https://sunlight.net/catalog/ring_99753.html,6 500 руб. - 7 000 руб.
2024-06-05,Sunlight,2.5,18148.0,БК КОЛЬЦА,7259.0,"Цены ниже! Ещё -15%, код: НОЧЬ до 11:00",https://sunlight.net/catalog/ring_991676.html,7 000 руб. - 8 000 руб.
2024-06-05,Sunlight,2.27,12587.0,БК КОЛЬЦА,5545.0,"Цены ниже! Ещё -10%, код: НОЧЬ до 11:00",https://sunlight.net/catalog/ring_331910.html,5 500 руб. - 6 000 руб.
2024-06-05,Sunlight,2.78,17004.0,БК СЕРЬГИ,6117.0,"Цены ниже! Ещё -10%, код: НОЧЬ до 11:00",https://sunlight.net/catalog/earring_348041.html,6 000 руб. - 6 500 руб.
2024-06-05,Sunlight,1.26,7869.0,БК ПОДВЕС ДЕКОР,6245.0,"Цены ниже! Ещё -10%, код: НОЧЬ до 11:00",https://sunlight.net/catalog/pendants_353496.html,6 000 руб. - 6 500 руб.
2024-06-05,Sunlight,1.52,8618.0,БК КОЛЬЦА,5670.0,"Цены ниже! Ещё -10%, код: НОЧЬ до 11:00",https://sunlight.net/catalog/ring_353996.html,5 500 руб. - 6 000 руб.
2024-06-05,Sunlight,1.26,7239.0,БК СЕРЬГИ,5745.0,"Цены ниже! Ещё -10%, код: НОЧЬ до 11:00",https://sunlight.net/catalog/earring_353637.html,5 500 руб. - 6 000 руб.
2024-06-05,Sunlight,8.96,55462.0,ЦБ ЦЕПИ,6190.0,ХИТ-цена,https://sunlight.net/catalog/chains_82796.html,6 000 руб. - 6 500 руб.
2024-06-05,Sunlight,14.04,88548.0,ЦБ БРАСЛЕТЫ,6307.0,"Цены ниже! Ещё -15%, код: НОЧЬ до 11:00",https://sunlight.net/catalog/bracelets_349017.html,6 000 руб. - 6 500 руб.
2024-06-05,Sunlight,32.93,197251.0,ЦБ ЦЕПИ,5990.0,ХИТ-цена,https://sunlight.net/catalog/chains_152000.html,5 500 руб. - 6 000 руб.
2024-06-05,Sunlight,11.38,55525.0,ЦБ БРАСЛЕТЫ,4879.0,"Цены ниже! Ещё -15%, код: НОЧЬ до 11:00",https://sunlight.net/catalog/bracelets_341397.html,до 5 500 руб.
2024-06-05,Sunlight,8.28,54193.0,ЦБ БРАСЛЕТЫ,6545.0,"Цены ниже! Ещё -15%, код: НОЧЬ до 11:00",https://sunlight.net/catalog/bracelets_336034.html,6 500 руб. - 7 000 руб.
2024-06-05,Sunlight,1.47,8478.0,ЦБ БРАСЛЕТЫ,5767.0,"Цены ниже! Ещё -20%, код: НОЧЬ до 11:00",https://sunlight.net/catalog/bracelets_308205.html,5 500 руб. - 6 000 руб.
2024-06-05,Sunlight,3.57,24853.0,ЦБ БРАСЛЕТЫ,6962.0,"Цены ниже! Ещё -15%, код: НОЧЬ до 11:00",https://sunlight.net/catalog/bracelets_308160.html,6 500 руб. - 7 000 руб.
2024-06-05,Sunlight,2.58,14938.0,ЦБ БРАСЛЕТЫ,5790.0,ХИТ-цена,https://sunlight.net/catalog/bracelets_163392.html,5 500 руб. - 6 000 руб.
2024-06-05,Sunlight,0.5,4457.0,БК ПОДВЕС ДЕКОР,8914.0,"Цены ниже! Ещё -15%, код: НОЧЬ до 11:00",https://sunlight.net/catalog/pendants_271323.html,8 000 руб. - 9 000 руб.
2024-06-05,Sunlight,3.21,30339.0,БК СЕРЬГИ,9451.0,"Цены ниже! Ещё -15%, код: НОЧЬ до 11:00",https://sunlight.net/catalog/earring_354829.html,9 000 руб. - 10 000 руб.
2024-06-05,Sunlight,4.52,29613.0,БК КОЛЬЦА ОБРУЧ,6552.0,"Цены ниже! Ещё -20%, код: НОЧЬ до 11:00",https://sunlight.net/catalog/ring_332303.html,6 500 руб. - 7 000 руб.
2024-06-05,Sunlight,0.29,2346.0,БК ПОДВЕС ДЕКОР,8090.0,"Цены ниже! Ещё -20%, код: НОЧЬ до 11:00",https://sunlight.net/catalog/pendants_983982.html,8 000 руб. - 9 000 руб.
2024-06-05,Sunlight,1.43,8814.0,БК ПОДВЕС КУЛЬТ,6164.0,"Цены ниже! Ещё -10%, код: НОЧЬ до 11:00",https://sunlight.net/catalog/pendants_353725.html,6 000 руб. - 6 500 руб.
2024-06-05,Sunlight,3.38,22604.0,БК СЕРЬГИ,6688.0,"Цены ниже! Ещё -15%, код: НОЧЬ до 11:00",https://sunlight.net/catalog/earring_992450.html,6 500 руб. - 7 000 руб.
2024-06-05,Sunlight,2.06,13224.0,БК СЕРЬГИ,6419.0,"Цены ниже! Ещё -10%, код: НОЧЬ до 11:00",https://sunlight.net/catalog/earring_338936.html,6 000 руб. - 6 500 руб.
2024-06-05,Sunlight,1.89,11334.0,БК СЕРЬГИ,5997.0,"Цены ниже! Ещё -10%, код: НОЧЬ до 11:00",https://sunlight.net/catalog/earring_329422.html,5 500 руб. - 6 000 руб.
2024-06-05,Sunlight,2.6,16374.0,БК СЕРЬГИ,6298.0,"Цены ниже! Ещё -10%, код: НОЧЬ до 11:00",https://sunlight.net/catalog/earring_348038.html,6 000 руб. - 6 500 руб.
2024-06-05,Sunlight,2.57,14869.0,БК СЕРЬГИ,5786.0,"Цены ниже! Ещё -15%, код: НОЧЬ до 11:00",https://sunlight.net/catalog/earring_353651.html,5 500 руб. - 6 000 руб.
2024-06-05,Sunlight,1.24,7729.0,БК СЕРЬГИ,6233.0,"Цены ниже! Ещё -15%, код: НОЧЬ до 11:00",https://sunlight.net/catalog/one_earring_354504.html,6 000 руб. - 6 500 руб.
2024-06-05,Sunlight,1.63,9242.0,БК КОЛЬЦА,5670.0,"Цены ниже! Ещё -10%, код: НОЧЬ до 11:00",https://sunlight.net/catalog/ring_354904.html,5 500 руб. - 6 000 руб.
2024-06-05,Sunlight,4.15,31084.0,ЦБ ЦЕПИ,7490.0,ХИТ-цена,https://sunlight.net/catalog/chains_86473.html,7 000 руб. - 8 000 руб.
2024-06-05,Sunlight,28.63,171494.0,ЦБ ЦЕПИ,5990.0,ХИТ-цена,https://sunlight.net/catalog/chains_111005.html,5 500 руб. - 6 000 руб.
2024-06-05,Sunlight,4.4,25476.0,ЦБ ЦЕПИ,5790.0,ХИТ-цена,https://sunlight.net/catalog/chains_45302.html,5 500 руб. - 6 000 руб.
2024-06-05,Sunlight,21.87,115692.0,ЦБ БРАСЛЕТЫ,5290.0,ХИТ-цена,https://sunlight.net/catalog/bracelets_278721.html,до 5 500 руб.
2024-06-05,Sunlight,1.44,8954.0,БК СЕРЬГИ,6218.0,"Цены ниже! Ещё -20%, код: НОЧЬ до 11:00",https://sunlight.net/catalog/earring_345701.html,6 000 руб. - 6 500 руб.
2024-06-05,Sunlight,15.13,102733.0,ЦБ ЦЕПИ,6790.0,ХИТ-цена,https://sunlight.net/catalog/chains_153672.html,6 500 руб. - 7 000 руб.
2024-06-05,Sunlight,8.67,60603.0,ЦБ ЦЕПИ,6990.0,ХИТ-цена,https://sunlight.net/catalog/chains_256227.html,6 500 руб. - 7 000 руб.
2024-06-05,Sunlight,8.04,42578.0,ЦБ БРАСЛЕТЫ,5296.0,"Цены ниже! Ещё -15%, код: НОЧЬ до 11:00",https://sunlight.net/catalog/bracelets_343456.html,до 5 500 руб.
2024-06-05,Sunlight,6.3,42336.0,ЦБ БРАСЛЕТЫ,6720.0,"Цены ниже! Ещё -20%, код: НОЧЬ до 11:00",https://sunlight.net/catalog/bracelets_343096.html,6 500 руб. - 7 000 руб.
2024-06-05,Sunlight,3.82,21593.0,ЦБ БРАСЛЕТЫ,5653.0,"Цены ниже! Ещё -15%, код: НОЧЬ до 11:00",https://sunlight.net/catalog/bracelets_343087.html,5 500 руб. - 6 000 руб.
2024-06-05,Sunlight,1.23,8854.0,ЦБ БРАСЛЕТЫ,7198.0,"Цены снижены! Ещё -15%, код: СЕГОДНЯ",https://sunlight.net/catalog/bracelets_340186.html,7 000 руб. - 8 000 руб.
2024-06-05,Sunlight,3.67,27078.0,ЦБ БРАСЛЕТЫ,7378.0,"Цены ниже! Ещё -15%, код: НОЧЬ до 11:00",https://sunlight.net/catalog/bracelets_325628.html,7 000 руб. - 8 000 руб.
2024-06-05,Sunlight,1.38,10180.0,ЦБ БРАСЛЕТЫ,7377.0,"Цены ниже! Ещё -15%, код: НОЧЬ до 11:00",https://sunlight.net/catalog/bracelets_322861.html,7 000 руб. - 8 000 руб.
2024-06-05,Sunlight,1.06,7409.0,ЦБ БРАСЛЕТЫ,6990.0,ХИТ-цена,https://sunlight.net/catalog/bracelets_279740.html,6 500 руб. - 7 000 руб.
2024-06-05,Sunlight,5.95,32666.0,ЦБ ЦЕПИ,5490.0,ХИТ-цена,https://sunlight.net/catalog/chains_170941.html,до 5 500 руб.
2024-06-05,Sunlight,0.61,4457.0,БК ПОДВЕС ДЕКОР,7307.0,"Цены ниже! Ещё -15%, код: НОЧЬ до 11:00",https://sunlight.net/catalog/pendants_271454.html,7 000 руб. - 8 000 руб.
2024-06-05,Sunlight,1.47,9008.0,БК КОЛЬЦА ОБРУЧ,6128.0,"Цены ниже! Ещё -15%, код: НОЧЬ до 11:00",https://sunlight.net/catalog/ring_67296.html,6 000 руб. - 6 500 руб.
2024-06-05,Sunlight,3.54,26120.0,БК КОЛЬЦА,7379.0,"Цены ниже! Ещё -15%, код: НОЧЬ до 11:00",https://sunlight.net/catalog/ring_994940.html,7 000 руб. - 8 000 руб.
2024-06-05,Sunlight,3.68,27084.0,БК СЕРЬГИ,7360.0,"Цены ниже! Ещё -10%, код: НОЧЬ до 11:00",https://sunlight.net/catalog/earring_993605.html,7 000 руб. - 8 000 руб.
2024-06-05,Sunlight,2.22,12865.0,БК КОЛЬЦА,5795.0,"Цены ниже! Ещё -10%, код: НОЧЬ до 11:00",https://sunlight.net/catalog/ring_353010.html,5 500 руб. - 6 000 руб.
2024-06-05,Sunlight,2.65,15744.0,БК СЕРЬГИ,5941.0,"Цены ниже! Ещё -10%, код: НОЧЬ до 11:00",https://sunlight.net/catalog/earring_329426.html,5 500 руб. - 6 000 руб.
2024-06-05,Sunlight,2.63,14748.0,БК КОЛЬЦА,5608.0,"Цены ниже! Ещё -10%, код: НОЧЬ до 11:00",https://sunlight.net/catalog/ring_341065.html,5 500 руб. - 6 000 руб.
2024-06-05,Sunlight,3.14,17608.0,БК КОЛЬЦА,5608.0,"Цены ниже! Ещё -10%, код: НОЧЬ до 11:00",https://sunlight.net/catalog/ring_353711.html,5 500 руб. - 6 000 руб.
2024-06-05,Sunlight,4.29,25194.0,БК СЕРЬГИ,5873.0,"Цены ниже! Ещё -10%, код: НОЧЬ до 11:00",https://sunlight.net/catalog/earring_344399.html,5 500 руб. - 6 000 руб.
2024-06-05,Sunlight,4.32,30197.0,ЦБ ЦЕПИ,6990.0,ХИТ-цена,https://sunlight.net/catalog/chains_65283.html,6 500 руб. - 7 000 руб.
2024-06-05,Sunlight,10.56,73814.0,ЦБ ЦЕПИ,6990.0,ХИТ-цена,https://sunlight.net/catalog/chains_324939.html,6 500 руб. - 7 000 руб.
2024-06-05,Sunlight,5.9,41241.0,ЦБ ЦЕПИ,6990.0,ХИТ-цена,https://sunlight.net/catalog/chains_104754.html,6 500 руб. - 7 000 руб.
2024-06-05,Sunlight,3.8,24738.0,ЦБ БРАСЛЕТЫ,6510.0,"Цены ниже! Ещё -5%, код: НОЧЬ до 11:00",https://sunlight.net/catalog/bracelets_351785.html,6 500 руб. - 7 000 руб.
2024-06-05,Sunlight,2.8,19825.0,ЦБ БРАСЛЕТЫ,7080.0,"Цены ниже! Ещё -15%, код: НОЧЬ до 11:00",https://sunlight.net/catalog/bracelets_348614.html,7 000 руб. - 8 000 руб.
2024-06-05,Sunlight,1.14,8003.0,ЦБ БРАСЛЕТЫ,7020.0,"Цены ниже! Ещё -15%, код: НОЧЬ до 11:00",https://sunlight.net/catalog/bracelets_988201.html,7 000 руб. - 8 000 руб.
2024-06-05,Sunlight,9.37,55619.0,ЦБ БРАСЛЕТЫ,5936.0,"Цены ниже! Ещё -20%, код: НОЧЬ до 11:00",https://sunlight.net/catalog/bracelets_343121.html,5 500 руб. - 6 000 руб.
2024-06-05,Sunlight,191.05,1048864.0,ЦБ ЦЕПИ,5490.0,ХИТ-цена,https://sunlight.net/catalog/chains_315430.html,до 5 500 руб.
2024-06-05,Sunlight,1.06,7818.0,ЦБ БРАСЛЕТЫ,7375.0,"Цены ниже! Ещё -15%, код: НОЧЬ до 11:00",https://sunlight.net/catalog/bracelets_246765.html,7 000 руб. - 8 000 руб.
2024-06-05,Sunlight,1.12,7997.0,БК КОЛЬЦА,7140.0,"Цены ниже! Ещё -15%, код: НОЧЬ до 11:00",https://sunlight.net/catalog/ring_992004.html,7 000 руб. - 8 000 руб.
2024-06-05,Sunlight,1.44,10704.0,БК ПОДВЕС ДЕКОР,7433.0,"Цены ниже! Ещё -15%, код: НОЧЬ до 11:00",https://sunlight.net/catalog/pendants_271481.html,7 000 руб. - 8 000 руб.
2024-06-05,Sunlight,1.26,7869.0,БК СЕРЬГИ,6245.0,"Цены ниже! Ещё -10%, код: НОЧЬ до 11:00",https://sunlight.net/catalog/earring_353709.html,6 000 руб. - 6 500 руб.
2024-06-05,Sunlight,2.64,16654.0,БК СЕРЬГИ,6308.0,"Цены ниже! Ещё -15%, код: НОЧЬ до 11:00",https://sunlight.net/catalog/earring_353557.html,6 000 руб. - 6 500 руб.
2024-06-05,Sunlight,1.78,13025.0,БК КОЛЬЦА,7317.0,"Цены ниже! Ещё -15%, код: НОЧЬ до 11:00",https://sunlight.net/catalog/ring_353980.html,7 000 руб. - 8 000 руб.
2024-06-05,Sunlight,2.65,14869.0,БК СЕРЬГИ,5611.0,"Цены ниже! Ещё -15%, код: НОЧЬ до 11:00",https://sunlight.net/catalog/earring_983985.html,5 500 руб. - 6 000 руб.
2024-06-05,Sunlight,4.23,29568.0,ЦБ ЦЕПИ,6990.0,ХИТ-цена,https://sunlight.net/catalog/chains_56085.html,6 500 руб. - 7 000 руб.
2024-06-05,Sunlight,3.93,25579.0,БК ПОДВЕС ДЕКОР,6509.0,"Цены ниже! Ещё -15%, код: НОЧЬ до 11:00",https://sunlight.net/catalog/pendants_354821.html,6 500 руб. - 7 000 руб.
2024-06-05,Sunlight,10.64,61606.0,ЦБ ЦЕПИ,5790.0,ХИТ-цена,https://sunlight.net/catalog/chains_73459.html,5 500 руб. - 6 000 руб.
2024-06-05,Sunlight,1.31,7729.0,БК ПОДВЕС ДЕКОР,5900.0,"Цены ниже! Ещё -15%, код: НОЧЬ до 11:00",https://sunlight.net/catalog/pendants_348043.html,5 500 руб. - 6 000 руб.
2024-06-05,Sunlight,2.85,19922.0,ЦБ ЦЕПИ,6990.0,ХИТ-цена,https://sunlight.net/catalog/chains_82790.html,6 500 руб. - 7 000 руб.
2024-06-05,Sunlight,1.57,9090.0,ЦБ БРАСЛЕТЫ,5790.0,ХИТ-цена,https://sunlight.net/catalog/bracelets_342800.html,5 500 руб. - 6 000 руб.
2024-06-05,Sunlight,7.66,41930.0,ЦБ БРАСЛЕТЫ,5474.0,"Цены ниже! Ещё -15%, код: НОЧЬ до 11:00",https://sunlight.net/catalog/bracelets_343452.html,до 5 500 руб.
2024-06-05,Sunlight,2.77,17636.0,БК КОЛЬЦА ОБРУЧ,6367.0,"Цены ниже! Ещё -15%, код: НОЧЬ до 11:00",https://sunlight.net/catalog/ring_330250.html,6 000 руб. - 6 500 руб.
2024-06-05,Sunlight,15.52,89861.0,ЦБ ЦЕПИ,5790.0,ХИТ-цена,https://sunlight.net/catalog/chains_111003.html,5 500 руб. - 6 000 руб.
2024-06-05,Sunlight,2.88,19776.0,БК КОЛЬЦА ОБРУЧ,6867.0,"Цены ниже! Ещё -10%, код: НОЧЬ до 11:00",https://sunlight.net/catalog/ring_350548.html,6 500 руб. - 7 000 руб.
2024-06-05,Sunlight,0.84,7134.0,БК СЕРЬГИ,8493.0,"Цены ниже! Ещё -15%, код: НОЧЬ до 11:00",https://sunlight.net/catalog/earring_353491.html,8 000 руб. - 9 000 руб.
2024-06-05,Sunlight,4.98,36884.0,БК СЕРЬГИ,7406.0,"Цены ниже! Ещё -15%, код: НОЧЬ до 11:00",https://sunlight.net/catalog/earring_356046.html,7 000 руб. - 8 000 руб.
2024-06-05,Sunlight,1.09,6609.0,БК ПОДВЕС ДЕКОР,6063.0,"Цены ниже! Ещё -10%, код: НОЧЬ до 11:00",https://sunlight.net/catalog/pendants_995648.html,6 000 руб. - 6 500 руб.
2024-06-05,Sunlight,7.01,38669.0,БК СЕРЬГИ,5516.0,"Цены ниже! Ещё -15%, код: НОЧЬ до 11:00",https://sunlight.net/catalog/earring_325574.html,5 500 руб. - 6 000 руб.
2024-06-05,Sunlight,2.37,17786.0,БК КОЛЬЦА,7505.0,"Цены ниже! Ещё -20%, код: НОЧЬ до 11:00",https://sunlight.net/catalog/ring_992412.html,7 000 руб. - 8 000 руб.
2024-06-05,Sunlight,2.56,15744.0,БК ПОДВЕС КУЛЬТ,6150.0,"Цены ниже! Ещё -10%, код: НОЧЬ до 11:00",https://sunlight.net/catalog/pendants_354317.html,6 000 руб. - 6 500 руб.
2024-06-05,Sunlight,3.22,17820.0,БК КОЛЬЦА,5534.0,"Цены ниже! Ещё -15%, код: НОЧЬ до 11:00",https://sunlight.net/catalog/ring_332293.html,5 500 руб. - 6 000 руб.
2024-06-05,Sunlight,3.77,26352.0,ЦБ БРАСЛЕТЫ,6990.0,ХИТ-цена,https://sunlight.net/catalog/bracelets_153441.html,6 500 руб. - 7 000 руб.
2024-06-05,Sunlight,13.01,80532.0,ЦБ ЦЕПИ,6190.0,ХИТ-цена,https://sunlight.net/catalog/chains_86245.html,6 000 руб. - 6 500 руб.
2024-06-05,Sunlight,40.98,245470.0,ЦБ ЦЕПИ,5990.0,ХИТ-цена,https://sunlight.net/catalog/chains_151991.html,5 500 руб. - 6 000 руб.
2024-06-05,Sunlight,3.94,24269.0,ЦБ БРАСЛЕТЫ,6160.0,"Цены ниже! Ещё -5%, код: НОЧЬ до 11:00",https://sunlight.net/catalog/bracelets_341392.html,6 000 руб. - 6 500 руб.
2024-06-05,Sunlight,33.36,183146.0,ЦБ ЦЕПИ,5490.0,ХИТ-цена,https://sunlight.net/catalog/chains_278177.html,до 5 500 руб.
2024-06-05,Sunlight,0.63,4754.0,БК ПОДВЕС ДЕКОР,7546.0,"Цены ниже! Ещё -20%, код: НОЧЬ до 11:00",https://sunlight.net/catalog/pendants_79140.html,7 000 руб. - 8 000 руб.
2024-06-05,Sunlight,0.17,1394.0,БК ПОДВЕС ДЕКОР,8200.0,"Цены ниже! Ещё -20%, код: НОЧЬ до 11:00",https://sunlight.net/catalog/pendants_983922.html,8 000 руб. - 9 000 руб.
2024-06-05,Sunlight,7.02,42602.0,БК КОЛЬЦА ОБРУЧ,6069.0,"Цены ниже! Ещё -15%, код: НОЧЬ до 11:00",https://sunlight.net/catalog/ring_984578.html,6 000 руб. - 6 500 руб.
2024-06-05,Sunlight,0.56,4754.0,БК ПОДВЕС КУЛЬТ,8489.0,"Цены ниже! Ещё -20%, код: НОЧЬ до 11:00",https://sunlight.net/catalog/pendants_348335.html,8 000 руб. - 9 000 руб.
2024-06-05,Sunlight,2.27,14156.0,БК КОЛЬЦА ОБРУЧ,6236.0,"Цены ниже! Ещё -10%, код: НОЧЬ до 11:00",https://sunlight.net/catalog/ring_354612.html,6 000 руб. - 6 500 руб.
2024-06-05,Sunlight,4.38,27102.0,БК КОЛЬЦА ОБРУЧ,6188.0,"Цены ниже! Ещё -15%, код: НОЧЬ до 11:00",https://sunlight.net/catalog/ring_130386.html,6 000 руб. - 6 500 руб.
2024-06-05,Sunlight,5.14,38669.0,БК СЕРЬГИ,7523.0,"Цены ниже! Ещё -15%, код: НОЧЬ до 11:00",https://sunlight.net/catalog/earring_990085.html,7 000 руб. - 8 000 руб.
2024-06-05,Sunlight,0.51,3862.0,БК СЕРЬГИ,7573.0,"Цены ниже! Ещё -15%, код: НОЧЬ до 11:00",https://sunlight.net/catalog/one_earring_354506.html,7 000 руб. - 8 000 руб.
2024-06-05,Sunlight,8.24,78394.0,БК СЕРЬГИ,9514.0,"Цены ниже! Ещё -20%, код: НОЧЬ до 11:00",https://sunlight.net/catalog/earring_354820.html,9 000 руб. - 10 000 руб.
2024-06-05,Sunlight,3.23,23794.0,БК СЕРЬГИ,7367.0,"Цены ниже! Ещё -15%, код: НОЧЬ до 11:00",https://sunlight.net/catalog/earring_993607.html,7 000 руб. - 8 000 руб.
2024-06-05,Sunlight,3.42,20254.0,БК КОЛЬЦА,5922.0,"Цены ниже! Ещё -10%, код: НОЧЬ до 11:00",https://sunlight.net/catalog/ring_990757.html,5 500 руб. - 6 000 руб.
2024-06-05,Sunlight,2.53,18444.0,ЦБ ЦЕПИ,7290.0,ХИТ-цена,https://sunlight.net/catalog/chains_61106.html,7 000 руб. - 8 000 руб.
2024-06-05,Sunlight,3.03,17564.0,БК КОЛЬЦА,5797.0,"Цены ниже! Ещё -10%, код: НОЧЬ до 11:00",https://sunlight.net/catalog/ring_343333.html,5 500 руб. - 6 000 руб.
2024-06-05,Sunlight,1.66,12245.0,ЦБ БРАСЛЕТЫ,7377.0,"Цены ниже! Ещё -15%, код: НОЧЬ до 11:00",https://sunlight.net/catalog/bracelets_355529.html,7 000 руб. - 8 000 руб.
2024-06-05,Sunlight,12.69,59649.0,ЦБ БРАСЛЕТЫ,4700.0,"Цены ниже! Ещё -15%, код: НОЧЬ до 11:00",https://sunlight.net/catalog/bracelets_351764.html,до 5 500 руб.
2024-06-05,Sunlight,6.69,44583.0,ЦБ БРАСЛЕТЫ,6664.0,"Цены ниже! Ещё -15%, код: НОЧЬ до 11:00",https://sunlight.net/catalog/bracelets_351761.html,6 500 руб. - 7 000 руб.
2024-06-05,Sunlight,12.13,78724.0,ЦБ ЦЕПИ,6490.0,ХИТ-цена,https://sunlight.net/catalog/chains_989834.html,6 000 руб. - 6 500 руб.
2024-06-05,Sunlight,8.46,53859.0,ЦБ БРАСЛЕТЫ,6366.0,"Цены ниже! Ещё -15%, код: НОЧЬ до 11:00",https://sunlight.net/catalog/bracelets_343094.html,6 000 руб. - 6 500 руб.
2024-06-05,Sunlight,9.54,49285.0,ЦБ БРАСЛЕТЫ,5166.0,"Цены ниже! Ещё -10%, код: НОЧЬ до 11:00",https://sunlight.net/catalog/bracelets_341395.html,до 5 500 руб.
2024-06-05,Sunlight,4.82,27908.0,ЦБ ЦЕПИ,5790.0,ХИТ-цена,https://sunlight.net/catalog/chains_330200.html,5 500 руб. - 6 000 руб.
2024-06-05,Sunlight,1.7,9843.0,ЦБ ЦЕПИ,5790.0,ХИТ-цена,https://sunlight.net/catalog/chains_52757.html,5 500 руб. - 6 000 руб.
2024-06-05,Sunlight,0.32,2493.0,БК ПОДВЕС ДЕКОР,7791.0,"Цены ниже! Ещё -15%, код: НОЧЬ до 11:00",https://sunlight.net/catalog/pendants_47158.html,7 000 руб. - 8 000 руб.
2024-06-05,Sunlight,1.05,8324.0,БК ПОДВЕС ДЕКОР,7928.0,"Цены ниже! Ещё -15%, код: НОЧЬ до 11:00",https://sunlight.net/catalog/pendants_993610.html,7 000 руб. - 8 000 руб.
2024-06-05,Sunlight,4.59,37794.0,БК СЕРЬГИ,8234.0,"Цены ниже! Ещё -10%, код: НОЧЬ до 11:00",https://sunlight.net/catalog/earring_354845.html,8 000 руб. - 9 000 руб.
2024-06-05,Sunlight,3.03,18570.0,БК КОЛЬЦА ОБРУЧ,6129.0,"Цены ниже! Ещё -15%, код: НОЧЬ до 11:00",https://sunlight.net/catalog/ring_354611.html,6 000 руб. - 6 500 руб.
2024-06-05,Sunlight,3.93,22008.0,БК КОЛЬЦА,5600.0,ХИТ-цена,https://sunlight.net/catalog/ring_354832.html,5 500 руб. - 6 000 руб.
2024-06-05,Sunlight,0.78,5874.0,БК СЕРЬГИ,7531.0,"Цены ниже! Ещё -20%, код: НОЧЬ до 11:00",https://sunlight.net/catalog/earring_302361.html,7 000 руб. - 8 000 руб.
2024-06-05,Sunlight,2.03,11384.0,БК КОЛЬЦА,5608.0,"Цены ниже! Ещё -10%, код: НОЧЬ до 11:00",https://sunlight.net/catalog/ring_351787.html,5 500 руб. - 6 000 руб.
2024-06-05,Sunlight,1.46,8622.0,БК ПОДВЕС ДЕКОР,5905.0,"Цены ниже! Ещё -15%, код: НОЧЬ до 11:00",https://sunlight.net/catalog/pendants_319219.html,5 500 руб. - 6 000 руб.
2024-06-05,Sunlight,8.22,57458.0,ЦБ ЦЕПИ,6990.0,ХИТ-цена,https://sunlight.net/catalog/chains_119480.html,6 500 руб. - 7 000 руб.
2024-06-05,Sunlight,9.91,69271.0,ЦБ ЦЕПИ,6990.0,ХИТ-цена,https://sunlight.net/catalog/chains_111041.html,6 500 руб. - 7 000 руб.
2024-06-05,Sunlight,32.73,196053.0,ЦБ ЦЕПИ,5990.0,ХИТ-цена,https://sunlight.net/catalog/chains_151981.html,5 500 руб. - 6 000 руб.
2024-06-05,Sunlight,11.97,69306.0,ЦБ ЦЕПИ,5790.0,ХИТ-цена,https://sunlight.net/catalog/chains_51598.html,5 500 руб. - 6 000 руб.
2024-06-05,Sunlight,5.36,34786.0,ЦБ БРАСЛЕТЫ,6490.0,ХИТ-цена,https://sunlight.net/catalog/bracelets_343458.html,6 000 руб. - 6 500 руб.
2024-06-05,Sunlight,2.87,16456.0,ЦБ БРАСЛЕТЫ,5734.0,"Цены ниже! Ещё -10%, код: НОЧЬ до 11:00",https://sunlight.net/catalog/bracelets_325632.html,5 500 руб. - 6 000 руб.
2024-06-05,Sunlight,1.33,8814.0,БК СЕРЬГИ,6627.0,"Цены ниже! Ещё -10%, код: НОЧЬ до 11:00",https://sunlight.net/catalog/earring_349354.html,6 500 руб. - 7 000 руб.
2024-06-05,Sunlight,1.93,13782.0,БК КОЛЬЦА ОБРУЧ,7141.0,"Второе в подарок, код 1=2, Цены ниже! Ещё -20%, код: НОЧЬ до 11:00",https://sunlight.net/catalog/ring_144883.html,7 000 руб. - 8 000 руб.
2024-06-05,Sunlight,3.16,21414.0,БК СЕРЬГИ,6777.0,"Цены ниже! Ещё -15%, код: НОЧЬ до 11:00",https://sunlight.net/catalog/earring_354886.html,6 500 руб. - 7 000 руб.
2024-06-05,Sunlight,2.53,15114.0,БК СЕРЬГИ,5974.0,"Цены ниже! Ещё -10%, код: НОЧЬ до 11:00",https://sunlight.net/catalog/earring_351363.html,5 500 руб. - 6 000 руб.
2024-06-05,Sunlight,5.36,32754.0,БК СЕРЬГИ,6111.0,"Цены ниже! Ещё -10%, код: НОЧЬ до 11:00",https://sunlight.net/catalog/earring_348530.html,6 000 руб. - 6 500 руб.
2024-06-05,Sunlight,1.84,10546.0,БК КОЛЬЦА,5732.0,"Цены ниже! Ещё -10%, код: НОЧЬ до 11:00",https://sunlight.net/catalog/ring_316943.html,5 500 руб. - 6 000 руб.
2024-06-05,Sunlight,2.44,15114.0,БК СЕРЬГИ,6194.0,"Цены ниже! Ещё -10%, код: НОЧЬ до 11:00",https://sunlight.net/catalog/earring_336171.html,6 000 руб. - 6 500 руб.
2024-06-05,Sunlight,1.62,9514.0,БК ПОДВЕС ДЕКОР,5873.0,"Цены ниже! Ещё -15%, код: НОЧЬ до 11:00",https://sunlight.net/catalog/pendants_319221.html,5 500 руб. - 6 000 руб.
2024-06-05,Sunlight,0.81,5034.0,БК ПОДВЕС ДЕКОР,6215.0,"Цены ниже! Ещё -10%, код: НОЧЬ до 11:00",https://sunlight.net/catalog/pendants_353652.html,6 000 руб. - 6 500 руб.
2024-06-05,Sunlight,1.12,6837.0,БК СЕРЬГИ,6104.0,"Цены ниже! Ещё -15%, код: НОЧЬ до 11:00",https://sunlight.net/catalog/one_earring_333328.html,6 000 руб. - 6 500 руб.
2024-06-05,Sunlight,19.66,117763.0,ЦБ БРАСЛЕТЫ,5990.0,ХИТ-цена,https://sunlight.net/catalog/bracelets_153119.html,5 500 руб. - 6 000 руб.
2024-06-05,Sunlight,55.54,304915.0,ЦБ ЦЕПИ,5490.0,ХИТ-цена,https://sunlight.net/catalog/chains_111069.html,до 5 500 руб.
2024-06-05,Sunlight,5.17,37223.0,ЦБ БРАСЛЕТЫ,7200.0,"Цены ниже! Ещё -15%, код: НОЧЬ до 11:00",https://sunlight.net/catalog/bracelets_351781.html,7 000 руб. - 8 000 руб.
2024-06-05,Sunlight,8.47,59205.0,ЦБ ЦЕПИ,6990.0,ХИТ-цена,https://sunlight.net/catalog/chains_303053.html,6 500 руб. - 7 000 руб.
2024-06-05,Sunlight,2.59,14334.0,ЦБ БРАСЛЕТЫ,5534.0,"Цены ниже! Ещё -15%, код: НОЧЬ до 11:00",https://sunlight.net/catalog/bracelets_279880.html,5 500 руб. - 6 000 руб.
2024-06-05,Sunlight,4.41,30826.0,ЦБ ЦЕПИ,6990.0,ХИТ-цена,https://sunlight.net/catalog/chains_79445.html,6 500 руб. - 7 000 руб.
2024-06-05,Sunlight,0.99,6361.0,БК КОЛЬЦА ОБРУЧ,6425.0,"Цены ниже! Ещё -15%, код: НОЧЬ до 11:00",https://sunlight.net/catalog/ring_984587.html,6 000 руб. - 6 500 руб.
2024-06-05,Sunlight,0.63,5034.0,БК ПОДВЕС ДЕКОР,7990.0,"Цены ниже! Ещё -10%, код: НОЧЬ до 11:00",https://sunlight.net/catalog/pendants_90638.html,7 000 руб. - 8 000 руб.
2024-06-05,Sunlight,1.39,10109.0,БК ПОДВЕС ДЕКОР,7273.0,"Цены ниже! Ещё -15%, код: НОЧЬ до 11:00",https://sunlight.net/catalog/pendants_271348.html,7 000 руб. - 8 000 руб.
2024-06-05,Sunlight,0.94,6434.0,БК ПОДВЕС КУЛЬТ,6845.0,"Цены ниже! Ещё -20%, код: НОЧЬ до 11:00",https://sunlight.net/catalog/pendants_277643.html,6 500 руб. - 7 000 руб.
2024-06-05,Sunlight,3.15,22301.0,БК КОЛЬЦА,7080.0,"Цены ниже! Ещё -15%, код: НОЧЬ до 11:00",https://sunlight.net/catalog/ring_990997.html,7 000 руб. - 8 000 руб.
2024-06-05,Sunlight,0.83,5034.0,БК СЕРЬГИ,6065.0,"Цены ниже! Ещё -10%, код: НОЧЬ до 11:00",https://sunlight.net/catalog/earring_345709.html,6 000 руб. - 6 500 руб.
2024-06-05,Sunlight,1.33,7869.0,БК СЕРЬГИ,5917.0,"Цены ниже! Ещё -10%, код: НОЧЬ до 11:00",https://sunlight.net/catalog/earring_96479.html,5 500 руб. - 6 000 руб.
2024-06-05,Sunlight,2.42,16374.0,БК ПОДВЕС ДЕКОР,6766.0,"Цены ниже! Ещё -10%, код: НОЧЬ до 11:00",https://sunlight.net/catalog/pendants_353708.html,6 500 руб. - 7 000 руб.
2024-06-05,Sunlight,2.07,12594.0,БК СЕРЬГИ,6084.0,"Цены ниже! Ещё -10%, код: НОЧЬ до 11:00",https://sunlight.net/catalog/earring_329421.html,6 000 руб. - 6 500 руб.
2024-06-05,Sunlight,3.16,22674.0,БК СЕРЬГИ,7175.0,"Цены ниже! Ещё -10%, код: НОЧЬ до 11:00",https://sunlight.net/catalog/earring_993656.html,7 000 руб. - 8 000 руб.
2024-06-05,Sunlight,2.0,12138.0,БК КОЛЬЦА ОБРУЧ,6069.0,"Цены ниже! Ещё -15%, код: НОЧЬ до 11:00",https://sunlight.net/catalog/ring_339565.html,6 000 руб. - 6 500 руб.
2024-06-05,Sunlight,1.56,8919.0,БК ПОДВЕС ДЕКОР,5717.0,"Цены ниже! Ещё -15%, код: НОЧЬ до 11:00",https://sunlight.net/catalog/pendants_356053.html,5 500 руб. - 6 000 руб.
2024-06-05,Sunlight,3.91,27084.0,БК СЕРЬГИ,6927.0,"Цены ниже! Ещё -10%, код: НОЧЬ до 11:00",https://sunlight.net/catalog/earring_993679.html,6 500 руб. - 7 000 руб.
2024-06-05,Sunlight,3.03,18900.0,БК КОЛЬЦА ОБРУЧ,6238.0,"Цены ниже! Ещё -10%, код: НОЧЬ до 11:00",https://sunlight.net/catalog/ring_332304.html,6 000 руб. - 6 500 руб.
2024-06-05,Sunlight,0.88,6242.0,БК СЕРЬГИ,7093.0,"Цены ниже! Ещё -15%, код: НОЧЬ до 11:00",https://sunlight.net/catalog/earring_333419.html,7 000 руб. - 8 000 руб.
2024-06-05,Sunlight,2.84,16444.0,ЦБ БРАСЛЕТЫ,5790.0,ХИТ-цена,https://sunlight.net/catalog/bracelets_330348.html,5 500 руб. - 6 000 руб.
2024-06-05,Sunlight,19.8,118602.0,ЦБ БРАСЛЕТЫ,5990.0,ХИТ-цена,https://sunlight.net/catalog/bracelets_110995.html,5 500 руб. - 6 000 руб.
2024-06-05,Sunlight,36.31,199342.0,ЦБ ЦЕПИ,5490.0,ХИТ-цена,https://sunlight.net/catalog/chains_344745.html,до 5 500 руб.
2024-06-05,Sunlight,2.25,13028.0,ЦБ БРАСЛЕТЫ,5790.0,ХИТ-цена,https://sunlight.net/catalog/bracelets_107516.html,5 500 руб. - 6 000 руб.
2024-06-05,Sunlight,0.24,2077.0,БК ПОДВЕС ДЕКОР,8654.0,"Цены ниже! Ещё -15%, код: НОЧЬ до 11:00",https://sunlight.net/catalog/pendants_330847.html,8 000 руб. - 9 000 руб.
2024-06-05,Sunlight,0.24,12594.0,БК СЕРЬГИ,52475.0,"Цены ниже! Ещё -10%, код: НОЧЬ до 11:00",https://sunlight.net/catalog/earring_984197.html,свыше 10 000 руб.
2024-06-05,Sunlight,2.15,15744.0,БК СЕРЬГИ,7323.0,"Цены ниже! Ещё -10%, код: НОЧЬ до 11:00",https://sunlight.net/catalog/earring_994938.html,7 000 руб. - 8 000 руб.
2024-06-05,Sunlight,3.06,18894.0,БК КОЛЬЦА ОБРУЧ,6175.0,"Цены ниже! Ещё -10%, код: НОЧЬ до 11:00",https://sunlight.net/catalog/ring_122817.html,6 000 руб. - 6 500 руб.
2024-06-05,Sunlight,3.72,23436.0,БК КОЛЬЦА ОБРУЧ,6300.0,"Цены ниже! Ещё -10%, код: НОЧЬ до 11:00",https://sunlight.net/catalog/ring_331377.html,6 000 руб. - 6 500 руб.
2024-06-05,Sunlight,3.85,27651.0,БК КОЛЬЦА,7182.0,"Цены ниже! Ещё -10%, код: НОЧЬ до 11:00",https://sunlight.net/catalog/ring_990996.html,7 000 руб. - 8 000 руб.
2024-06-05,Sunlight,2.03,11964.0,БК СЕРЬГИ,5894.0,"Цены ниже! Ещё -10%, код: НОЧЬ до 11:00",https://sunlight.net/catalog/earring_329424.html,5 500 руб. - 6 000 руб.
2024-06-05,Sunlight,2.41,13967.0,БК КОЛЬЦА,5795.0,"Цены ниже! Ещё -10%, код: НОЧЬ до 11:00",https://sunlight.net/catalog/ring_353571.html,5 500 руб. - 6 000 руб.
2024-06-05,Sunlight,1.8,10422.0,ЦБ БРАСЛЕТЫ,5790.0,ХИТ-цена,https://sunlight.net/catalog/bracelets_326582.html,5 500 руб. - 6 000 руб.
2024-06-05,Sunlight,2.66,16758.0,БК КОЛЬЦА,6300.0,"Цены ниже! Ещё -10%, код: НОЧЬ до 11:00",https://sunlight.net/catalog/ring_990760.html,6 000 руб. - 6 500 руб.
2024-06-05,Sunlight,6.39,43388.0,ЦБ БРАСЛЕТЫ,6790.0,ХИТ-цена,https://sunlight.net/catalog/bracelets_153439.html,6 500 руб. - 7 000 руб.
2024-06-05,Sunlight,6.62,42964.0,ЦБ БРАСЛЕТЫ,6490.0,ХИТ-цена,https://sunlight.net/catalog/bracelets_151964.html,6 000 руб. - 6 500 руб.
2024-06-05,Sunlight,3.16,18296.0,ЦБ ЦЕПИ,5790.0,ХИТ-цена,https://sunlight.net/catalog/chains_330198.html,5 500 руб. - 6 000 руб.
2024-06-05,Sunlight,13.65,95414.0,ЦБ ЦЕПИ,6990.0,ХИТ-цена,https://sunlight.net/catalog/chains_86736.html,6 500 руб. - 7 000 руб.
2024-06-05,Sunlight,12.75,69998.0,ЦБ БРАСЛЕТЫ,5490.0,ХИТ-цена,https://sunlight.net/catalog/bracelets_351815.html,до 5 500 руб.
2024-06-05,Sunlight,6.86,38033.0,ЦБ БРАСЛЕТЫ,5544.0,"Цены ниже! Ещё -10%, код: НОЧЬ до 11:00",https://sunlight.net/catalog/bracelets_343466.html,5 500 руб. - 6 000 руб.
2024-06-05,Sunlight,5.39,30221.0,ЦБ БРАСЛЕТЫ,5607.0,"Цены ниже! Ещё -10%, код: НОЧЬ до 11:00",https://sunlight.net/catalog/bracelets_333448.html,5 500 руб. - 6 000 руб.
2024-06-05,Sunlight,2.12,14395.0,ЦБ БРАСЛЕТЫ,6790.0,ХИТ-цена,https://sunlight.net/catalog/bracelets_326577.html,6 500 руб. - 7 000 руб.
2024-06-05,Sunlight,1.29,8520.0,БК КОЛЬЦА ОБРУЧ,6605.0,"Цены ниже! Ещё -15%, код: НОЧЬ до 11:00",https://sunlight.net/catalog/ring_99720.html,6 500 руб. - 7 000 руб.
2024-06-05,Sunlight,0.21,1660.0,БК ПОДВЕС ДЕКОР,7905.0,"Цены ниже! Ещё -15%, код: НОЧЬ до 11:00",https://sunlight.net/catalog/pendants_338986.html,7 000 руб. - 8 000 руб.
2024-06-05,Sunlight,2.69,16648.0,БК КОЛЬЦА ОБРУЧ,6189.0,"Цены ниже! Ещё -15%, код: НОЧЬ до 11:00",https://sunlight.net/catalog/ring_352501.html,6 000 руб. - 6 500 руб.
2024-06-05,Sunlight,2.51,15833.0,БК КОЛЬЦА ОБРУЧ,6308.0,"Цены ниже! Ещё -15%, код: НОЧЬ до 11:00",https://sunlight.net/catalog/ring_354610.html,6 000 руб. - 6 500 руб.
2024-06-05,Sunlight,8.44,48207.0,БК КОЛЬЦА ОБРУЧ,5712.0,"Цены ниже! Ещё -15%, код: НОЧЬ до 11:00",https://sunlight.net/catalog/ring_984577.html,5 500 руб. - 6 000 руб.
2024-06-05,Sunlight,1.95,15464.0,БК ПОДВЕС КУЛЬТ,7930.0,"Цены ниже! Ещё -15%, код: НОЧЬ до 11:00",https://sunlight.net/catalog/pendants_354316.html,7 000 руб. - 8 000 руб.
2024-06-05,Sunlight,1.44,11299.0,БК ПОДВЕС ДЕКОР,7847.0,"Цены ниже! Ещё -15%, код: НОЧЬ до 11:00",https://sunlight.net/catalog/pendants_994405.html,7 000 руб. - 8 000 руб.
2024-06-05,Sunlight,1.54,11894.0,БК СЕРЬГИ,7723.0,"Цены ниже! Ещё -15%, код: НОЧЬ до 11:00",https://sunlight.net/catalog/earring_348024.html,7 000 руб. - 8 000 руб.
2024-06-05,Sunlight,1.67,10382.0,БК КОЛЬЦА,6217.0,"Цены ниже! Ещё -20%, код: НОЧЬ до 11:00",https://sunlight.net/catalog/ring_354906.html,6 000 руб. - 6 500 руб.
2024-06-05,Sunlight,3.64,26769.0,БК СЕРЬГИ,7354.0,"Цены ниже! Ещё -15%, код: НОЧЬ до 11:00",https://sunlight.net/catalog/earring_993604.html,7 000 руб. - 8 000 руб.
2024-06-05,Sunlight,2.91,17814.0,БК КОЛЬЦА ОБРУЧ,6122.0,"Цены ниже! Ещё -15%, код: НОЧЬ до 11:00",https://sunlight.net/catalog/ring_144884.html,6 000 руб. - 6 500 руб.
2024-06-05,Sunlight,2.61,15126.0,БК КОЛЬЦА,5795.0,"Цены ниже! Ещё -10%, код: НОЧЬ до 11:00",https://sunlight.net/catalog/ring_331913.html,5 500 руб. - 6 000 руб.
2024-06-05,Sunlight,0.68,4089.0,БК ПОДВЕС ДЕКОР,6013.0,"Цены ниже! Ещё -10%, код: НОЧЬ до 11:00",https://sunlight.net/catalog/pendants_241836.html,6 000 руб. - 6 500 руб.
2024-06-05,Sunlight,2.95,18213.0,БК КОЛЬЦА ОБРУЧ,6174.0,"Цены ниже! Ещё -10%, код: НОЧЬ до 11:00",https://sunlight.net/catalog/ring_329158.html,6 000 руб. - 6 500 руб.
2024-06-05,Sunlight,3.43,22330.0,БК КОЛЬЦА,6510.0,"Цены ниже! Ещё -5%, код: НОЧЬ до 11:00",https://sunlight.net/catalog/ring_348524.html,6 500 руб. - 7 000 руб.
2024-06-05,Sunlight,3.02,17634.0,БК СЕРЬГИ,5839.0,"Цены ниже! Ещё -10%, код: НОЧЬ до 11:00",https://sunlight.net/catalog/earring_353462.html,5 500 руб. - 6 000 руб.
2024-06-05,Sunlight,1.1,6837.0,БК ПОДВЕС ДЕКОР,6215.0,"Цены ниже! Ещё -15%, код: НОЧЬ до 11:00",https://sunlight.net/catalog/pendants_353479.html,6 000 руб. - 6 500 руб.
2024-06-05,Sunlight,3.0,17844.0,БК СЕРЬГИ,5948.0,"Цены ниже! Ещё -15%, код: НОЧЬ до 11:00",https://sunlight.net/catalog/earring_341067.html,5 500 руб. - 6 000 руб.
2024-06-05,Sunlight,2.17,15114.0,БК СЕРЬГИ,6965.0,"Цены ниже! Ещё -10%, код: НОЧЬ до 11:00",https://sunlight.net/catalog/earring_96561.html,6 500 руб. - 7 000 руб.
2024-06-05,Sunlight,2.86,16559.0,ЦБ ЦЕПИ,5790.0,ХИТ-цена,https://sunlight.net/catalog/chains_40998.html,5 500 руб. - 6 000 руб.
2024-06-05,Sunlight,3.08,18449.0,ЦБ БРАСЛЕТЫ,5990.0,ХИТ-цена,https://sunlight.net/catalog/bracelets_47749.html,5 500 руб. - 6 000 руб.
2024-06-05,Sunlight,1.51,8919.0,БК СЕРЬГИ,5907.0,"Цены ниже! Ещё -15%, код: НОЧЬ до 11:00",https://sunlight.net/catalog/earring_244084.html,5 500 руб. - 6 000 руб.
2024-06-05,Sunlight,1.77,11194.0,БК СЕРЬГИ,6324.0,"Цены ниже! Ещё -20%, код: НОЧЬ до 11:00",https://sunlight.net/catalog/earring_339689.html,6 000 руб. - 6 500 руб.
2024-06-05,Sunlight,2.41,14484.0,БК СЕРЬГИ,6010.0,"Цены ниже! Ещё -10%, код: НОЧЬ до 11:00",https://sunlight.net/catalog/earring_329439.html,6 000 руб. - 6 500 руб.
2024-06-05,Sunlight,3.01,17004.0,БК СЕРЬГИ,5649.0,"Цены ниже! Ещё -10%, код: НОЧЬ до 11:00",https://sunlight.net/catalog/earring_243975.html,5 500 руб. - 6 000 руб.
2024-06-05,Sunlight,6.02,42080.0,ЦБ БРАСЛЕТЫ,6990.0,ХИТ-цена,https://sunlight.net/catalog/bracelets_111037.html,6 500 руб. - 7 000 руб.
2024-06-05,Sunlight,1.33,9181.0,ЦБ БРАСЛЕТЫ,6903.0,"Цены ниже! Ещё -15%, код: НОЧЬ до 11:00",https://sunlight.net/catalog/bracelets_994402.html,6 500 руб. - 7 000 руб.
2024-06-05,Sunlight,28.56,165362.0,ЦБ ЦЕПИ,5790.0,ХИТ-цена,https://sunlight.net/catalog/chains_111071.html,5 500 руб. - 6 000 руб.
2024-06-05,Sunlight,1.32,8009.0,ЦБ БРАСЛЕТЫ,6067.0,"Цены ниже! Ещё -15%, код: НОЧЬ до 11:00",https://sunlight.net/catalog/bracelets_355520.html,6 000 руб. - 6 500 руб.
2024-06-05,Sunlight,1.64,10124.0,ЦБ БРАСЛЕТЫ,6173.0,"Цены ниже! Ещё -10%, код: НОЧЬ до 11:00",https://sunlight.net/catalog/bracelets_353974.html,6 000 руб. - 6 500 руб.
2024-06-05,Sunlight,1.59,8800.0,ЦБ БРАСЛЕТЫ,5535.0,"Цены ниже! Ещё -15%, код: НОЧЬ до 11:00",https://sunlight.net/catalog/bracelets_350614.html,5 500 руб. - 6 000 руб.
2024-06-05,Sunlight,1.38,7800.0,ЦБ БРАСЛЕТЫ,5652.0,"Цены ниже! Ещё -15%, код: НОЧЬ до 11:00",https://sunlight.net/catalog/bracelets_348615.html,5 500 руб. - 6 000 руб.
2024-06-05,Sunlight,8.35,45208.0,ЦБ БРАСЛЕТЫ,5414.0,"Цены ниже! Ещё -15%, код: НОЧЬ до 11:00",https://sunlight.net/catalog/bracelets_343463.html,до 5 500 руб.
2024-06-05,Sunlight,3.15,22018.0,ЦБ ЦЕПИ,6990.0,ХИТ-цена,https://sunlight.net/catalog/chains_338789.html,6 500 руб. - 7 000 руб.
2024-06-05,Sunlight,1.69,9651.0,ЦБ БРАСЛЕТЫ,5711.0,"Цены ниже! Ещё -15%, код: НОЧЬ до 11:00",https://sunlight.net/catalog/bracelets_333872.html,5 500 руб. - 6 000 руб.
2024-06-05,Sunlight,36.0,215640.0,ЦБ ЦЕПИ,5990.0,ХИТ-цена,https://sunlight.net/catalog/chains_153131.html,5 500 руб. - 6 000 руб.
2024-06-05,Sunlight,8.81,48367.0,ЦБ БРАСЛЕТЫ,5490.0,ХИТ-цена,https://sunlight.net/catalog/bracelets_115455.html,до 5 500 руб.
2024-06-05,Sunlight,4.57,31944.0,ЦБ БРАСЛЕТЫ,6990.0,ХИТ-цена,https://sunlight.net/catalog/bracelets_111028.html,6 500 руб. - 7 000 руб.
2024-06-05,Sunlight,1.05,6872.0,БК КОЛЬЦА ОБРУЧ,6545.0,"Цены ниже! Ещё -15%, код: НОЧЬ до 11:00",https://sunlight.net/catalog/ring_984576.html,6 500 руб. - 7 000 руб.
2024-06-05,Sunlight,0.74,5944.0,БК СЕРЬГИ,8032.0,"Цены ниже! Ещё -15%, код: НОЧЬ до 11:00",https://sunlight.net/catalog/earring_85657.html,8 000 руб. - 9 000 руб.
2024-06-05,Sunlight,0.9,7729.0,БК ПОДВЕС ДЕКОР,8588.0,"Цены ниже! Ещё -15%, код: НОЧЬ до 11:00",https://sunlight.net/catalog/pendants_354917.html,8 000 руб. - 9 000 руб.
2024-06-05,Sunlight,2.45,17201.0,БК КОЛЬЦА,7021.0,"Цены ниже! Ещё -15%, код: НОЧЬ до 11:00",https://sunlight.net/catalog/ring_348583.html,7 000 руб. - 8 000 руб.
2024-06-05,Sunlight,1.92,11334.0,БК СЕРЬГИ,5903.0,"Цены ниже! Ещё -10%, код: НОЧЬ до 11:00",https://sunlight.net/catalog/earring_275473.html,5 500 руб. - 6 000 руб.
2024-06-05,Sunlight,6.9,44781.0,ЦБ БРАСЛЕТЫ,6490.0,ХИТ-цена,https://sunlight.net/catalog/bracelets_111019.html,6 000 руб. - 6 500 руб.
2024-06-05,Sunlight,6.2,43338.0,ЦБ ЦЕПИ,6990.0,ХИТ-цена,https://sunlight.net/catalog/chains_89765.html,6 500 руб. - 7 000 руб.
2024-06-05,Sunlight,2.23,12489.0,БК СЕРЬГИ,5600.0,"Цены ниже! Ещё -15%, код: НОЧЬ до 11:00",https://sunlight.net/catalog/earring_336063.html,5 500 руб. - 6 000 руб.
2024-06-05,Sunlight,5.42,37886.0,ЦБ ЦЕПИ,6990.0,ХИТ-цена,https://sunlight.net/catalog/chains_82837.html,6 500 руб. - 7 000 руб.
2024-06-05,Sunlight,3.77,26352.0,ЦБ БРАСЛЕТЫ,6990.0,ХИТ-цена,https://sunlight.net/catalog/bracelets_325651.html,6 500 руб. - 7 000 руб.
2024-06-05,Sunlight,15.89,87236.0,ЦБ ЦЕПИ,5490.0,ХИТ-цена,https://sunlight.net/catalog/chains_278713.html,до 5 500 руб.
2024-06-05,Sunlight,11.46,72083.0,ЦБ ЦЕПИ,6290.0,ХИТ-цена,https://sunlight.net/catalog/chains_110998.html,6 000 руб. - 6 500 руб.
2024-06-05,Sunlight,1.06,6879.0,ЦБ БРАСЛЕТЫ,6490.0,ХИТ-цена,https://sunlight.net/catalog/bracelets_355080.html,6 000 руб. - 6 500 руб.
2024-06-05,Sunlight,0.9,5216.0,ЦБ БРАСЛЕТЫ,5796.0,"Цены ниже! Ещё -10%, код: НОЧЬ до 11:00",https://sunlight.net/catalog/bracelets_353951.html,5 500 руб. - 6 000 руб.
2024-06-05,Sunlight,5.34,30278.0,ЦБ БРАСЛЕТЫ,5670.0,"Цены ниже! Ещё -10%, код: НОЧЬ до 11:00",https://sunlight.net/catalog/bracelets_345091.html,5 500 руб. - 6 000 руб.
2024-06-05,Sunlight,3.05,16874.0,ЦБ БРАСЛЕТЫ,5532.0,"Цены ниже! Ещё -15%, код: НОЧЬ до 11:00",https://sunlight.net/catalog/bracelets_343977.html,5 500 руб. - 6 000 руб.
2024-06-05,Sunlight,3.76,21080.0,ЦБ БРАСЛЕТЫ,5606.0,"Цены ниже! Ещё -10%, код: НОЧЬ до 11:00",https://sunlight.net/catalog/bracelets_341388.html,5 500 руб. - 6 000 руб.
2024-06-05,Sunlight,6.67,51918.0,ЦБ БРАСЛЕТЫ,7784.0,"Цены ниже! Ещё -20%, код: НОЧЬ до 11:00",https://sunlight.net/catalog/bracelets_301764.html,7 000 руб. - 8 000 руб.
2024-06-05,Sunlight,3.72,21539.0,ЦБ ЦЕПИ,5790.0,ХИТ-цена,https://sunlight.net/catalog/chains_263937.html,5 500 руб. - 6 000 руб.
2024-06-05,Sunlight,2.96,19903.0,БК КОЛЬЦА ОБРУЧ,6724.0,"Цены ниже! Ещё -15%, код: НОЧЬ до 11:00",https://sunlight.net/catalog/ring_992886.html,6 500 руб. - 7 000 руб.
2024-06-05,Sunlight,2.87,33348.0,БК КОЛЬЦА,11620.0,"Цены ниже! Ещё -5%, код: НОЧЬ до 11:00",https://sunlight.net/catalog/ring_353400.html,свыше 10 000 руб.
2024-06-05,Sunlight,2.8,17464.0,БК КОЛЬЦА ОБРУЧ,6237.0,"Цены ниже! Ещё -10%, код: НОЧЬ до 11:00",https://sunlight.net/catalog/ring_340399.html,6 000 руб. - 6 500 руб.
2024-06-05,Sunlight,1.74,15744.0,БК ПОДВЕС ДЕКОР,9048.0,"Цены ниже! Ещё -10%, код: НОЧЬ до 11:00",https://sunlight.net/catalog/pendants_993694.html,9 000 руб. - 10 000 руб.
2024-06-05,Sunlight,1.9,11964.0,БК СЕРЬГИ,6297.0,"Цены ниже! Ещё -10%, код: НОЧЬ до 11:00",https://sunlight.net/catalog/earring_349854.html,6 000 руб. - 6 500 руб.
2024-06-05,Sunlight,3.59,26006.0,БК КОЛЬЦА,7244.0,"Цены ниже! Ещё -10%, код: НОЧЬ до 11:00",https://sunlight.net/catalog/ring_991004.html,7 000 руб. - 8 000 руб.
2024-06-05,Sunlight,2.11,13224.0,БК ПОДВЕС ДЕКОР,6267.0,"Цены ниже! Ещё -10%, код: НОЧЬ до 11:00",https://sunlight.net/catalog/pendants_353012.html,6 000 руб. - 6 500 руб.
2024-06-05,Sunlight,2.57,22009.0,БК СЕРЬГИ,8564.0,"Цены ниже! Ещё -15%, код: НОЧЬ до 11:00",https://sunlight.net/catalog/earring_993609.html,8 000 руб. - 9 000 руб.
2024-06-05,Sunlight,4.3,30234.0,БК СЕРЬГИ,7031.0,"Цены ниже! Ещё -10%, код: НОЧЬ до 11:00",https://sunlight.net/catalog/earring_993696.html,7 000 руб. - 8 000 руб.
2024-06-05,Sunlight,1.53,8919.0,БК ПОДВЕС ДЕКОР,5829.0,"Цены ниже! Ещё -15%, код: НОЧЬ до 11:00",https://sunlight.net/catalog/pendants_319225.html,5 500 руб. - 6 000 руб.
2024-06-05,Sunlight,1.41,9793.0,БК СЕРЬГИ,6945.0,"Цены ниже! Ещё -5%, код: НОЧЬ до 11:00",https://sunlight.net/catalog/earring_328176.html,6 500 руб. - 7 000 руб.
2024-06-05,Sunlight,4.02,29114.0,БК СЕРЬГИ,7242.0,"Цены ниже! Ещё -20%, код: НОЧЬ до 11:00",https://sunlight.net/catalog/earring_994930.html,7 000 руб. - 8 000 руб.
2024-06-05,Sunlight,4.76,29686.0,БК КОЛЬЦА ОБРУЧ,6237.0,"Цены ниже! Ещё -10%, код: НОЧЬ до 11:00",https://sunlight.net/catalog/ring_332308.html,6 000 руб. - 6 500 руб.
2024-06-05,Sunlight,2.11,12594.0,БК СЕРЬГИ,5969.0,"Цены ниже! Ещё -10%, код: НОЧЬ до 11:00",https://sunlight.net/catalog/earring_336060.html,5 500 руб. - 6 000 руб.
2024-06-05,Sunlight,3.28,22927.0,ЦБ БРАСЛЕТЫ,6990.0,ХИТ-цена,https://sunlight.net/catalog/bracelets_326584.html,6 500 руб. - 7 000 руб.
2024-06-05,Sunlight,11.58,65498.0,ЦБ БРАСЛЕТЫ,5656.0,"Цены ниже! Ещё -20%, код: НОЧЬ до 11:00",https://sunlight.net/catalog/bracelets_345092.html,5 500 руб. - 6 000 руб.
2024-06-05,Sunlight,18.61,107752.0,ЦБ БРАСЛЕТЫ,5790.0,ХИТ-цена,https://sunlight.net/catalog/bracelets_344754.html,5 500 руб. - 6 000 руб.
2024-06-05,Sunlight,7.13,41283.0,ЦБ ЦЕПИ,5790.0,ХИТ-цена,https://sunlight.net/catalog/chains_344743.html,5 500 руб. - 6 000 руб.
2024-06-05,Sunlight,11.14,70071.0,ЦБ ЦЕПИ,6290.0,ХИТ-цена,https://sunlight.net/catalog/chains_343472.html,6 000 руб. - 6 500 руб.
2024-06-05,Sunlight,9.97,58304.0,ЦБ БРАСЛЕТЫ,5848.0,"Цены ниже! Ещё -15%, код: НОЧЬ до 11:00",https://sunlight.net/catalog/bracelets_78736.html,5 500 руб. - 6 000 руб.
2024-06-05,Sunlight,15.22,94212.0,ЦБ ЦЕПИ,6190.0,ХИТ-цена,https://sunlight.net/catalog/chains_41005.html,6 000 руб. - 6 500 руб.
2024-06-05,Sunlight,0.37,2794.0,БК ПОДВЕС ДЕКОР,7551.0,"Цены ниже! Ещё -20%, код: НОЧЬ до 11:00",https://sunlight.net/catalog/pendants_305893.html,7 000 руб. - 8 000 руб.
2024-06-05,Sunlight,1.49,8954.0,БК СЕРЬГИ,6009.0,"Цены ниже! Ещё -20%, код: НОЧЬ до 11:00",https://sunlight.net/catalog/earring_50859.html,6 000 руб. - 6 500 руб.
2024-06-05,Sunlight,0.88,7134.0,БК СЕРЬГИ,8107.0,"Цены ниже! Ещё -15%, код: НОЧЬ до 11:00",https://sunlight.net/catalog/earring_96857.html,8 000 руб. - 9 000 руб.
2024-06-05,Sunlight,0.68,5349.0,БК СЕРЬГИ,7866.0,"Цены ниже! Ещё -10%, код: НОЧЬ до 11:00",https://sunlight.net/catalog/one_earring_355515.html,7 000 руб. - 8 000 руб.
2024-06-05,Sunlight,2.18,16374.0,БК СЕРЬГИ,7511.0,"Цены ниже! Ещё -10%, код: НОЧЬ до 11:00",https://sunlight.net/catalog/earring_257417.html,7 000 руб. - 8 000 руб.
2024-06-05,Sunlight,3.06,20154.0,БК СЕРЬГИ,6586.0,"Цены ниже! Ещё -20%, код: НОЧЬ до 11:00",https://sunlight.net/catalog/earring_984004.html,6 500 руб. - 7 000 руб.
2024-06-05,Sunlight,0.64,5052.0,БК ПОДВЕС ДЕКОР,7894.0,"Цены ниже! Ещё -15%, код: НОЧЬ до 11:00",https://sunlight.net/catalog/pendants_993624.html,7 000 руб. - 8 000 руб.
2024-06-05,Sunlight,4.93,40775.0,БК КОЛЬЦА,8271.0,"Цены ниже! Ещё -15%, код: НОЧЬ до 11:00",https://sunlight.net/catalog/ring_995910.html,8 000 руб. - 9 000 руб.
2024-06-05,Sunlight,3.08,23934.0,БК СЕРЬГИ,7771.0,"Цены ниже! Ещё -10%, код: НОЧЬ до 11:00",https://sunlight.net/catalog/earring_989033.html,7 000 руб. - 8 000 руб.
2024-06-05,Sunlight,3.0,20706.0,БК КОЛЬЦА,6902.0,"Цены ниже! Ещё -15%, код: НОЧЬ до 11:00",https://sunlight.net/catalog/ring_993589.html,6 500 руб. - 7 000 руб.
2024-06-05,Sunlight,1.18,6987.0,БК КОЛЬЦА,5921.0,"Цены ниже! Ещё -10%, код: НОЧЬ до 11:00",https://sunlight.net/catalog/ring_329509.html,5 500 руб. - 6 000 руб.
2024-06-05,Sunlight,2.14,11894.0,БК СЕРЬГИ,5558.0,"Цены ниже! Ещё -15%, код: НОЧЬ до 11:00",https://sunlight.net/catalog/earring_348606.html,5 500 руб. - 6 000 руб.
2024-06-05,Sunlight,2.32,13084.0,БК СЕРЬГИ,5640.0,"Цены ниже! Ещё -15%, код: НОЧЬ до 11:00",https://sunlight.net/catalog/earring_339691.html,5 500 руб. - 6 000 руб.
2024-06-05,Sunlight,2.05,14944.0,ЦБ ЦЕПИ,7290.0,ХИТ-цена,https://sunlight.net/catalog/chains_326202.html,7 000 руб. - 8 000 руб.
2024-06-05,Sunlight,4.91,28344.0,БК СЕРЬГИ,5773.0,"Цены ниже! Ещё -10%, код: НОЧЬ до 11:00",https://sunlight.net/catalog/earring_354042.html,5 500 руб. - 6 000 руб.
2024-06-05,Sunlight,19.88,115105.0,ЦБ ЦЕПИ,5790.0,ХИТ-цена,https://sunlight.net/catalog/chains_111040.html,5 500 руб. - 6 000 руб.
2024-06-05,Sunlight,1.58,11044.0,ЦБ БРАСЛЕТЫ,6990.0,ХИТ-цена,https://sunlight.net/catalog/bracelets_355030.html,6 500 руб. - 7 000 руб.
2024-06-05,Sunlight,1.73,9916.0,ЦБ БРАСЛЕТЫ,5732.0,"Цены ниже! Ещё -10%, код: НОЧЬ до 11:00",https://sunlight.net/catalog/bracelets_354028.html,5 500 руб. - 6 000 руб.
2024-06-05,Sunlight,6.12,33932.0,ЦБ БРАСЛЕТЫ,5544.0,"Цены ниже! Ещё -10%, код: НОЧЬ до 11:00",https://sunlight.net/catalog/bracelets_345086.html,5 500 руб. - 6 000 руб.
2024-06-05,Sunlight,1.82,10073.0,ЦБ БРАСЛЕТЫ,5535.0,"Цены ниже! Ещё -15%, код: НОЧЬ до 11:00",https://sunlight.net/catalog/bracelets_336273.html,5 500 руб. - 6 000 руб.
2024-06-05,Sunlight,20.43,118290.0,ЦБ ЦЕПИ,5790.0,ХИТ-цена,https://sunlight.net/catalog/chains_111011.html,5 500 руб. - 6 000 руб.
2024-06-05,Sunlight,11.1,60939.0,ЦБ ЦЕПИ,5490.0,ХИТ-цена,https://sunlight.net/catalog/chains_51602.html,до 5 500 руб.
2024-06-05,Sunlight,6.88,48091.0,ЦБ ЦЕПИ,6990.0,ХИТ-цена,https://sunlight.net/catalog/chains_86474.html,6 500 руб. - 7 000 руб.
2024-06-05,Sunlight,2.68,17393.0,ЦБ ЦЕПИ,6490.0,ХИТ-цена,https://sunlight.net/catalog/chains_53389.html,6 000 руб. - 6 500 руб.
2024-06-05,Sunlight,0.82,6294.0,БК СЕРЬГИ,7676.0,"Цены ниже! Ещё -10%, код: НОЧЬ до 11:00",https://sunlight.net/catalog/earring_85869.html,7 000 руб. - 8 000 руб.
2024-06-05,Sunlight,7.56,45434.0,БК КОЛЬЦА ОБРУЧ,6010.0,"Цены ниже! Ещё -15%, код: НОЧЬ до 11:00",https://sunlight.net/catalog/ring_108511.html,6 000 руб. - 6 500 руб.
2024-06-05,Sunlight,1.77,10704.0,БК СЕРЬГИ,6047.0,"Цены ниже! Ещё -10%, код: НОЧЬ до 11:00",https://sunlight.net/catalog/earring_50860.html,6 000 руб. - 6 500 руб.
2024-06-05,Sunlight,1.54,11299.0,БК СЕРЬГИ,7337.0,"Цены ниже! Ещё -15%, код: НОЧЬ до 11:00",https://sunlight.net/catalog/earring_348026.html,7 000 руб. - 8 000 руб.
2024-06-05,Sunlight,1.98,13084.0,БК СЕРЬГИ,6608.0,"Цены ниже! Ещё -15%, код: НОЧЬ до 11:00",https://sunlight.net/catalog/earring_45746.html,6 500 руб. - 7 000 руб.
2024-06-05,Sunlight,3.88,24240.0,БК КОЛЬЦА ОБРУЧ,6247.0,"Цены ниже! Ещё -15%, код: НОЧЬ до 11:00",https://sunlight.net/catalog/ring_130354.html,6 000 руб. - 6 500 руб.
2024-06-05,Sunlight,1.65,12874.0,БК СЕРЬГИ,7802.0,"Цены ниже! Ещё -20%, код: НОЧЬ до 11:00",https://sunlight.net/catalog/earring_267029.html,7 000 руб. - 8 000 руб.
2024-06-05,Sunlight,2.29,23794.0,БК СЕРЬГИ,10390.0,"Цены ниже! Ещё -15%, код: НОЧЬ до 11:00",https://sunlight.net/catalog/earring_993601.html,свыше 10 000 руб.
2024-06-05,Sunlight,4.27,37794.0,БК СЕРЬГИ,8851.0,"Цены ниже! Ещё -10%, код: НОЧЬ до 11:00",https://sunlight.net/catalog/earring_354844.html,8 000 руб. - 9 000 руб.
2024-06-05,Sunlight,0.88,5349.0,БК ПОДВЕС ДЕКОР,6078.0,"Цены ниже! Ещё -10%, код: НОЧЬ до 11:00",https://sunlight.net/catalog/pendants_278136.html,6 000 руб. - 6 500 руб.
2024-06-05,Sunlight,3.47,19409.0,БК КОЛЬЦА,5593.0,"Цены ниже! Ещё -15%, код: НОЧЬ до 11:00",https://sunlight.net/catalog/ring_344385.html,5 500 руб. - 6 000 руб.
2024-06-05,Sunlight,1.4,8499.0,БК ПОДВЕС ДЕКОР,6071.0,"Цены ниже! Ещё -10%, код: НОЧЬ до 11:00",https://sunlight.net/catalog/pendants_319223.html,6 000 руб. - 6 500 руб.
2024-06-05,Sunlight,2.03,15232.0,БК КОЛЬЦА,7503.0,"Цены ниже! Ещё -20%, код: НОЧЬ до 11:00",https://sunlight.net/catalog/ring_993596.html,7 000 руб. - 8 000 руб.
2024-06-05,Sunlight,2.11,11674.0,БК КОЛЬЦА,5533.0,"Цены ниже! Ещё -15%, код: НОЧЬ до 11:00",https://sunlight.net/catalog/ring_335737.html,5 500 руб. - 6 000 руб.
2024-06-05,Sunlight,2.87,16374.0,БК СЕРЬГИ,5705.0,"Цены ниже! Ещё -10%, код: НОЧЬ до 11:00",https://sunlight.net/catalog/earring_994932.html,5 500 руб. - 6 000 руб.
2024-06-05,Sunlight,2.1,12594.0,БК СЕРЬГИ,5997.0,"Цены ниже! Ещё -10%, код: НОЧЬ до 11:00",https://sunlight.net/catalog/earring_153346.html,5 500 руб. - 6 000 руб.
2024-06-05,Sunlight,0.96,5978.0,БК КОЛЬЦА,6227.0,"Цены ниже! Ещё -5%, код: НОЧЬ до 11:00",https://sunlight.net/catalog/ring_331874.html,6 000 руб. - 6 500 руб.
2024-06-05,Sunlight,1.69,9353.0,БК КОЛЬЦА,5534.0,"Цены ниже! Ещё -15%, код: НОЧЬ до 11:00",https://sunlight.net/catalog/ring_335906.html,5 500 руб. - 6 000 руб.
2024-06-05,Sunlight,14.62,90498.0,ЦБ БРАСЛЕТЫ,6190.0,ХИТ-цена,https://sunlight.net/catalog/bracelets_110992.html,6 000 руб. - 6 500 руб.
2024-06-05,Sunlight,10.75,69768.0,ЦБ ЦЕПИ,6490.0,ХИТ-цена,https://sunlight.net/catalog/chains_100475.html,6 000 руб. - 6 500 руб.
2024-06-05,Sunlight,1.81,10263.0,ЦБ БРАСЛЕТЫ,5670.0,"Цены ниже! Ещё -10%, код: НОЧЬ до 11:00",https://sunlight.net/catalog/bracelets_355528.html,5 500 руб. - 6 000 руб.
2024-06-05,Sunlight,6.7,45446.0,ЦБ БРАСЛЕТЫ,6783.0,"Цены ниже! Ещё -15%, код: НОЧЬ до 11:00",https://sunlight.net/catalog/bracelets_343100.html,6 500 руб. - 7 000 руб.
2024-06-05,Sunlight,6.13,40471.0,ЦБ БРАСЛЕТЫ,6602.0,"Цены ниже! Ещё -20%, код: НОЧЬ до 11:00",https://sunlight.net/catalog/bracelets_328125.html,6 500 руб. - 7 000 руб.
2024-06-05,Sunlight,11.13,66669.0,ЦБ БРАСЛЕТЫ,5990.0,ХИТ-цена,https://sunlight.net/catalog/bracelets_166421.html,5 500 руб. - 6 000 руб.
2024-06-05,Sunlight,15.8,94642.0,ЦБ ЦЕПИ,5990.0,ХИТ-цена,https://sunlight.net/catalog/chains_153134.html,5 500 руб. - 6 000 руб.
2024-06-05,Sunlight,0.52,4404.0,БК ПОДВЕС ДЕКОР,8469.0,"Цены ниже! Ещё -10%, код: НОЧЬ до 11:00",https://sunlight.net/catalog/pendants_336053.html,8 000 руб. - 9 000 руб.
2024-06-05,Sunlight,0.81,6714.0,БК СЕРЬГИ,8289.0,"Цены ниже! Ещё -20%, код: НОЧЬ до 11:00",https://sunlight.net/catalog/earring_993801.html,8 000 руб. - 9 000 руб.
2024-06-05,Sunlight,0.83,6994.0,БК СЕРЬГИ,8427.0,"Цены ниже! Ещё -20%, код: НОЧЬ до 11:00",https://sunlight.net/catalog/piercing_333363.html,8 000 руб. - 9 000 руб.
2024-06-05,Sunlight,2.78,23304.0,БК СЕРЬГИ,8383.0,"Цены ниже! Ещё -10%, код: НОЧЬ до 11:00",https://sunlight.net/catalog/earring_993667.html,8 000 руб. - 9 000 руб.
2024-06-05,Sunlight,1.16,10109.0,БК ПОДВЕС ДЕКОР,8715.0,"Цены ниже! Ещё -15%, код: НОЧЬ до 11:00",https://sunlight.net/catalog/pendants_348613.html,8 000 руб. - 9 000 руб.
2024-06-05,Sunlight,1.27,11299.0,БК ПОДВЕС ДЕКОР,8897.0,"Цены ниже! Ещё -15%, код: НОЧЬ до 11:00",https://sunlight.net/catalog/pendants_995629.html,8 000 руб. - 9 000 руб.
2024-06-05,Sunlight,6.64,38065.0,БК КОЛЬЦА,5733.0,"Цены ниже! Ещё -10%, код: НОЧЬ до 11:00",https://sunlight.net/catalog/ring_354838.html,5 500 руб. - 6 000 руб.
2024-06-05,Sunlight,2.05,11964.0,БК СЕРЬГИ,5836.0,"Цены ниже! Ещё -10%, код: НОЧЬ до 11:00",https://sunlight.net/catalog/earring_354020.html,5 500 руб. - 6 000 руб.
2024-06-05,Sunlight,2.09,11964.0,БК СЕРЬГИ,5724.0,"Цены ниже! Ещё -10%, код: НОЧЬ до 11:00",https://sunlight.net/catalog/earring_994939.html,5 500 руб. - 6 000 руб.
2024-06-05,Sunlight,1.82,12726.0,БК КОЛЬЦА,6992.0,"Цены ниже! Ещё -10%, код: НОЧЬ до 11:00",https://sunlight.net/catalog/ring_993587.html,6 500 руб. - 7 000 руб.
2024-06-05,Sunlight,2.24,12839.0,БК КОЛЬЦА,5732.0,"Цены ниже! Ещё -10%, код: НОЧЬ до 11:00",https://sunlight.net/catalog/ring_328038.html,5 500 руб. - 6 000 руб.
2024-06-05,Sunlight,3.8,32124.0,БК СЕРЬГИ,8454.0,"Цены ниже! Ещё -10%, код: НОЧЬ до 11:00",https://sunlight.net/catalog/earring_991119.html,8 000 руб. - 9 000 руб.
2024-06-05,Sunlight,2.71,20819.0,БК СЕРЬГИ,7682.0,"Цены ниже! Ещё -15%, код: НОЧЬ до 11:00",https://sunlight.net/catalog/earring_993603.html,7 000 руб. - 8 000 руб.
2024-06-05,Sunlight,2.33,13679.0,БК СЕРЬГИ,5871.0,"Цены ниже! Ещё -15%, код: НОЧЬ до 11:00",https://sunlight.net/catalog/earring_341449.html,5 500 руб. - 6 000 руб.
2024-06-05,Sunlight,1.77,10149.0,БК КОЛЬЦА,5734.0,"Цены ниже! Ещё -10%, код: НОЧЬ до 11:00",https://sunlight.net/catalog/ring_291455.html,5 500 руб. - 6 000 руб.
2024-06-05,Sunlight,2.38,13343.0,БК КОЛЬЦА,5606.0,"Цены ниже! Ещё -10%, код: НОЧЬ до 11:00",https://sunlight.net/catalog/ring_341073.html,5 500 руб. - 6 000 руб.
2024-06-05,Sunlight,1.15,7693.0,БК СЕРЬГИ,6690.0,"Цены ниже! Ещё -5%, код: НОЧЬ до 11:00",https://sunlight.net/catalog/earring_328172.html,6 500 руб. - 7 000 руб.
2024-06-05,Sunlight,2.77,16374.0,БК СЕРЬГИ,5911.0,"Цены ниже! Ещё -10%, код: НОЧЬ до 11:00",https://sunlight.net/catalog/earring_348050.html,5 500 руб. - 6 000 руб.
2024-06-05,Sunlight,0.63,3634.0,БК ПОДВЕС ДЕКОР,5768.0,"Цены ниже! Ещё -20%, код: НОЧЬ до 11:00",https://sunlight.net/catalog/pendants_985643.html,5 500 руб. - 6 000 руб.
2024-06-05,Sunlight,2.19,14213.0,ЦБ БРАСЛЕТЫ,6490.0,ХИТ-цена,https://sunlight.net/catalog/bracelets_326063.html,6 000 руб. - 6 500 руб.
2024-06-05,Sunlight,44.38,256960.0,ЦБ ЦЕПИ,5790.0,ХИТ-цена,https://sunlight.net/catalog/chains_278715.html,5 500 руб. - 6 000 руб.
2024-06-05,Sunlight,1.03,5777.0,ЦБ БРАСЛЕТЫ,5609.0,"Цены ниже! Ещё -10%, код: НОЧЬ до 11:00",https://sunlight.net/catalog/bracelets_353960.html,5 500 руб. - 6 000 руб.
2024-06-05,Sunlight,3.82,22118.0,ЦБ ЦЕПИ,5790.0,ХИТ-цена,https://sunlight.net/catalog/chains_348688.html,5 500 руб. - 6 000 руб.
2024-06-05,Sunlight,3.52,18456.0,ЦБ ЦЕПИ,5243.0,нет скидочного купона,https://sunlight.net/catalog/chains_347580.html,до 5 500 руб.
2024-06-05,Sunlight,10.95,65590.0,ЦБ БРАСЛЕТЫ,5990.0,ХИТ-цена,https://sunlight.net/catalog/bracelets_344753.html,5 500 руб. - 6 000 руб.
2024-06-05,Sunlight,19.74,108373.0,ЦБ ЦЕПИ,5490.0,ХИТ-цена,https://sunlight.net/catalog/chains_344744.html,до 5 500 руб.
2024-06-05,Sunlight,6.32,36593.0,ЦБ ЦЕПИ,5790.0,ХИТ-цена,https://sunlight.net/catalog/chains_330196.html,5 500 руб. - 6 000 руб.
2024-06-05,Sunlight,8.68,56333.0,ЦБ ЦЕПИ,6490.0,ХИТ-цена,https://sunlight.net/catalog/chains_93070.html,6 000 руб. - 6 500 руб.
2024-06-05,Sunlight,0.33,1954.0,БК СЕРЬГИ,5921.0,"Цены ниже! Ещё -20%, код: НОЧЬ до 11:00",https://sunlight.net/catalog/piercing_349323.html,5 500 руб. - 6 000 руб.
2024-06-05,Sunlight,2.45,17844.0,БК СЕРЬГИ,7283.0,"Цены ниже! Ещё -15%, код: НОЧЬ до 11:00",https://sunlight.net/catalog/earring_349850.html,7 000 руб. - 8 000 руб.
2024-06-05,Sunlight,1.19,10109.0,БК ПОДВЕС ДЕКОР,8495.0,"Цены ниже! Ещё -15%, код: НОЧЬ до 11:00",https://sunlight.net/catalog/pendants_984241.html,8 000 руб. - 9 000 руб.
2024-06-05,Sunlight,2.14,15405.0,БК КОЛЬЦА,7199.0,"Цены ниже! Ещё -15%, код: НОЧЬ до 11:00",https://sunlight.net/catalog/ring_991001.html,7 000 руб. - 8 000 руб.
2024-06-05,Sunlight,1.86,14274.0,БК СЕРЬГИ,7674.0,"Цены ниже! Ещё -15%, код: НОЧЬ до 11:00",https://sunlight.net/catalog/earring_276957.html,7 000 руб. - 8 000 руб.
2024-06-05,Sunlight,2.58,17914.0,БК СЕРЬГИ,6943.0,"Цены ниже! Ещё -20%, код: НОЧЬ до 11:00",https://sunlight.net/catalog/earring_994404.html,6 500 руб. - 7 000 руб.
2024-06-05,Sunlight,1.74,10634.0,БК СЕРЬГИ,6111.0,"Цены ниже! Ещё -20%, код: НОЧЬ до 11:00",https://sunlight.net/catalog/earring_258372.html,6 000 руб. - 6 500 руб.
2024-06-05,Sunlight,4.23,29604.0,БК СЕРЬГИ,6999.0,"Цены ниже! Ещё -10%, код: НОЧЬ до 11:00",https://sunlight.net/catalog/earring_993697.html,6 500 руб. - 7 000 руб.
2024-06-05,Sunlight,4.57,27084.0,БК СЕРЬГИ,5926.0,"Цены ниже! Ещё -10%, код: НОЧЬ до 11:00",https://sunlight.net/catalog/earring_991117.html,5 500 руб. - 6 000 руб.
2024-06-05,Sunlight,3.13,18894.0,БК СЕРЬГИ,6036.0,"Цены ниже! Ещё -10%, код: НОЧЬ до 11:00",https://sunlight.net/catalog/earring_331694.html,6 000 руб. - 6 500 руб.
2024-06-05,Sunlight,0.62,4089.0,БК ПОДВЕС ДЕКОР,6595.0,"Цены ниже! Ещё -10%, код: НОЧЬ до 11:00",https://sunlight.net/catalog/pendants_993628.html,6 500 руб. - 7 000 руб.
2024-06-05,Sunlight,0.91,6434.0,БК ПОДВЕС ДЕКОР,7070.0,"Цены ниже! Ещё -20%, код: НОЧЬ до 11:00",https://sunlight.net/catalog/pendants_340363.html,7 000 руб. - 8 000 руб.
2024-06-05,Sunlight,3.44,21414.0,БК ПОДВЕС ДЕКОР,6225.0,"Цены ниже! Ещё -10%, код: НОЧЬ до 11:00",https://sunlight.net/catalog/pendants_991115.html,6 000 руб. - 6 500 руб.
2024-06-05,Sunlight,5.79,38669.0,БК СЕРЬГИ,6679.0,"Цены ниже! Ещё -15%, код: НОЧЬ до 11:00",https://sunlight.net/catalog/earring_993644.html,6 500 руб. - 7 000 руб.
2024-06-05,Sunlight,5.86,35444.0,БК КОЛЬЦА,6048.0,"Цены ниже! Ещё -10%, код: НОЧЬ до 11:00",https://sunlight.net/catalog/ring_348269.html,6 000 руб. - 6 500 руб.
2024-06-05,Sunlight,2.26,12638.0,БК КОЛЬЦА,5592.0,"Цены ниже! Ещё -15%, код: НОЧЬ до 11:00",https://sunlight.net/catalog/ring_343547.html,5 500 руб. - 6 000 руб.
2024-06-05,Sunlight,3.74,26037.0,ЦБ БРАСЛЕТЫ,6962.0,"Цены ниже! Ещё -15%, код: НОЧЬ до 11:00",https://sunlight.net/catalog/bracelets_991919.html,6 500 руб. - 7 000 руб.
2024-06-05,Sunlight,40.13,232353.0,ЦБ ЦЕПИ,5790.0,ХИТ-цена,https://sunlight.net/catalog/chains_988681.html,5 500 руб. - 6 000 руб.
2024-06-05,Sunlight,1.59,9651.0,ЦБ БРАСЛЕТЫ,6070.0,"Цены ниже! Ещё -15%, код: НОЧЬ до 11:00",https://sunlight.net/catalog/bracelets_353971.html,6 000 руб. - 6 500 руб.
2024-06-05,Sunlight,1.17,6558.0,ЦБ БРАСЛЕТЫ,5605.0,"Цены ниже! Ещё -10%, код: НОЧЬ до 11:00",https://sunlight.net/catalog/bracelets_353962.html,5 500 руб. - 6 000 руб.
2024-06-05,Sunlight,1.03,5700.0,ЦБ БРАСЛЕТЫ,5534.0,"Цены ниже! Ещё -15%, код: НОЧЬ до 11:00",https://sunlight.net/catalog/bracelets_353961.html,5 500 руб. - 6 000 руб.
2024-06-05,Sunlight,1.15,8691.0,ЦБ БРАСЛЕТЫ,7557.0,"Цены ниже! Ещё -20%, код: НОЧЬ до 11:00",https://sunlight.net/catalog/bracelets_344032.html,7 000 руб. - 8 000 руб.
2024-06-05,Sunlight,1.91,12166.0,ЦБ БРАСЛЕТЫ,6370.0,"Цены ниже! Ещё -5%, код: НОЧЬ до 11:00",https://sunlight.net/catalog/bracelets_328145.html,6 000 руб. - 6 500 руб.
2024-06-05,Sunlight,13.29,76949.0,ЦБ БРАСЛЕТЫ,5790.0,ХИТ-цена,https://sunlight.net/catalog/bracelets_151985.html,5 500 руб. - 6 000 руб.
2024-06-05,Sunlight,3.35,26800.0,БК КОЛЬЦА,8000.0,"Цены ниже! Ещё -10%, код: НОЧЬ до 11:00",https://sunlight.net/catalog/ring_354840.html,7 000 руб. - 8 000 руб.
2024-06-05,Sunlight,3.58,30794.0,БК ПОДВЕС КУЛЬТ,8602.0,"Цены ниже! Ещё -20%, код: НОЧЬ до 11:00",https://sunlight.net/catalog/pendants_177319.html,8 000 руб. - 9 000 руб.
2024-06-05,Sunlight,2.81,19564.0,БК КОЛЬЦА,6962.0,"Цены ниже! Ещё -15%, код: НОЧЬ до 11:00",https://sunlight.net/catalog/ring_992420.html,6 500 руб. - 7 000 руб.
2024-06-05,Sunlight,2.55,17634.0,БК СЕРЬГИ,6915.0,"Цены ниже! Ещё -10%, код: НОЧЬ до 11:00",https://sunlight.net/catalog/earring_993666.html,6 500 руб. - 7 000 руб.
2024-06-05,Sunlight,2.74,23304.0,БК ПОДВЕС ДЕКОР,8505.0,"Цены ниже! Ещё -10%, код: НОЧЬ до 11:00",https://sunlight.net/catalog/pendants_995913.html,8 000 руб. - 9 000 руб.
2024-06-05,Sunlight,3.95,28344.0,БК СЕРЬГИ,7176.0,"Цены ниже! Ещё -10%, код: НОЧЬ до 11:00",https://sunlight.net/catalog/earring_991923.html,7 000 руб. - 8 000 руб.
2024-06-05,Sunlight,4.71,41994.0,БК СЕРЬГИ,8916.0,"Цены ниже! Ещё -20%, код: НОЧЬ до 11:00",https://sunlight.net/catalog/earring_993692.html,8 000 руб. - 9 000 руб.
2024-06-05,Sunlight,2.35,14484.0,БК СЕРЬГИ,6163.0,"Цены ниже! Ещё -10%, код: НОЧЬ до 11:00",https://sunlight.net/catalog/earring_351377.html,6 000 руб. - 6 500 руб.
2024-06-05,Sunlight,1.07,6924.0,БК ПОДВЕС ДЕКОР,6471.0,"Цены ниже! Ещё -10%, код: НОЧЬ до 11:00",https://sunlight.net/catalog/pendants_351281.html,6 000 руб. - 6 500 руб.
2024-06-05,Sunlight,4.1,28344.0,БК СЕРЬГИ,6913.0,"Цены ниже! Ещё -10%, код: НОЧЬ до 11:00",https://sunlight.net/catalog/earring_993687.html,6 500 руб. - 7 000 руб.
2024-06-05,Sunlight,2.76,16374.0,БК СЕРЬГИ,5933.0,"Цены ниже! Ещё -10%, код: НОЧЬ до 11:00",https://sunlight.net/catalog/earring_993598.html,5 500 руб. - 6 000 руб.
2024-06-05,Sunlight,2.33,13224.0,БК СЕРЬГИ,5676.0,"Цены ниже! Ещё -10%, код: НОЧЬ до 11:00",https://sunlight.net/catalog/earring_994400.html,5 500 руб. - 6 000 руб.
2024-06-05,Sunlight,2.71,15464.0,БК ПОДВЕС ДЕКОР,5706.0,"Цены ниже! Ещё -15%, код: НОЧЬ до 11:00",https://sunlight.net/catalog/pendants_354477.html,5 500 руб. - 6 000 руб.
2024-06-05,Sunlight,1.78,9954.0,БК КОЛЬЦА,5592.0,"Цены ниже! Ещё -15%, код: НОЧЬ до 11:00",https://sunlight.net/catalog/ring_328037.html,5 500 руб. - 6 000 руб.
2024-06-05,Sunlight,1.84,10294.0,БК КОЛЬЦА,5595.0,"Цены ниже! Ещё -15%, код: НОЧЬ до 11:00",https://sunlight.net/catalog/ring_344023.html,5 500 руб. - 6 000 руб.
2024-06-05,Sunlight,8.8,50952.0,ЦБ ЦЕПИ,5790.0,ХИТ-цена,https://sunlight.net/catalog/chains_325654.html,5 500 руб. - 6 000 руб.
2024-06-05,Sunlight,17.87,98106.0,ЦБ ЦЕПИ,5490.0,ХИТ-цена,https://sunlight.net/catalog/chains_52139.html,до 5 500 руб.
2024-06-05,Sunlight,3.78,21433.0,ЦБ БРАСЛЕТЫ,5670.0,"Цены ниже! Ещё -10%, код: НОЧЬ до 11:00",https://sunlight.net/catalog/bracelets_353458.html,5 500 руб. - 6 000 руб.
2024-06-05,Sunlight,11.2,61488.0,ЦБ ЦЕПИ,5490.0,ХИТ-цена,https://sunlight.net/catalog/chains_343471.html,до 5 500 руб.
2024-06-05,Sunlight,8.13,53211.0,ЦБ БРАСЛЕТЫ,6545.0,"Цены ниже! Ещё -15%, код: НОЧЬ до 11:00",https://sunlight.net/catalog/bracelets_343084.html,6 500 руб. - 7 000 руб.
2024-06-05,Sunlight,15.11,82954.0,ЦБ ЦЕПИ,5490.0,ХИТ-цена,https://sunlight.net/catalog/chains_276734.html,до 5 500 руб.
2024-06-05,Sunlight,15.06,87816.0,ЦБ БРАСЛЕТЫ,5831.0,"Цены ниже! Ещё -15%, код: НОЧЬ до 11:00",https://sunlight.net/catalog/bracelets_256230.html,5 500 руб. - 6 000 руб.
2024-06-05,Sunlight,12.14,82431.0,ЦБ ЦЕПИ,6790.0,ХИТ-цена,https://sunlight.net/catalog/chains_74372.html,6 500 руб. - 7 000 руб.
2024-06-05,Sunlight,2.77,21414.0,БК ПОДВЕС КУЛЬТ,7731.0,"Цены ниже! Ещё -15%, код: НОЧЬ до 11:00",https://sunlight.net/catalog/pendants_984226.html,7 000 руб. - 8 000 руб.
2024-06-05,Sunlight,1.03,7006.0,БК КОЛЬЦА ОБРУЧ,6802.0,"Цены ниже! Ещё -10%, код: НОЧЬ до 11:00",https://sunlight.net/catalog/ring_350547.html,6 500 руб. - 7 000 руб.
2024-06-05,Sunlight,3.32,23794.0,БК ПОДВЕС КУЛЬТ,7167.0,"Цены ниже! Ещё -15%, код: НОЧЬ до 11:00",https://sunlight.net/catalog/pendants_355411.html,7 000 руб. - 8 000 руб.
2024-06-05,Sunlight,5.93,39054.0,БК СЕРЬГИ,6586.0,"Цены ниже! Ещё -10%, код: НОЧЬ до 11:00",https://sunlight.net/catalog/earring_349027.html,6 500 руб. - 7 000 руб.
2024-06-05,Sunlight,1.41,8954.0,БК СЕРЬГИ,6350.0,"Цены ниже! Ещё -20%, код: НОЧЬ до 11:00",https://sunlight.net/catalog/earring_348244.html,6 000 руб. - 6 500 руб.
2024-06-05,Sunlight,2.51,15114.0,БК СЕРЬГИ,6022.0,"Цены ниже! Ещё -10%, код: НОЧЬ до 11:00",https://sunlight.net/catalog/earring_994947.html,6 000 руб. - 6 500 руб.
2024-06-05,Sunlight,2.96,22604.0,БК СЕРЬГИ,7636.0,"Цены ниже! Ещё -15%, код: НОЧЬ до 11:00",https://sunlight.net/catalog/earring_984108.html,7 000 руб. - 8 000 руб.
2024-06-05,Sunlight,3.77,32719.0,БК СЕРЬГИ,8679.0,"Цены ниже! Ещё -15%, код: НОЧЬ до 11:00",https://sunlight.net/catalog/earring_346528.html,8 000 руб. - 9 000 руб.
2024-06-05,Sunlight,5.17,42757.0,БК КОЛЬЦА,8270.0,"Цены ниже! Ещё -15%, код: НОЧЬ до 11:00",https://sunlight.net/catalog/ring_991118.html,8 000 руб. - 9 000 руб.
2024-06-05,Sunlight,2.17,15107.0,БК КОЛЬЦА,6962.0,"Цены ниже! Ещё -15%, код: НОЧЬ до 11:00",https://sunlight.net/catalog/ring_988292.html,6 500 руб. - 7 000 руб.
2024-06-05,Sunlight,2.89,17004.0,БК СЕРЬГИ,5884.0,"Цены ниже! Ещё -10%, код: НОЧЬ до 11:00",https://sunlight.net/catalog/earring_353712.html,5 500 руб. - 6 000 руб.
2024-06-05,Sunlight,1.66,9484.0,БК КОЛЬЦА,5713.0,"Цены ниже! Ещё -15%, код: НОЧЬ до 11:00",https://sunlight.net/catalog/ring_993586.html,5 500 руб. - 6 000 руб.
2024-06-05,Sunlight,3.42,23794.0,БК СЕРЬГИ,6957.0,"Цены ниже! Ещё -15%, код: НОЧЬ до 11:00",https://sunlight.net/catalog/earring_991922.html,6 500 руб. - 7 000 руб.
2024-06-05,Sunlight,2.58,15744.0,БК СЕРЬГИ,6102.0,"Цены ниже! Ещё -10%, код: НОЧЬ до 11:00",https://sunlight.net/catalog/earring_984009.html,6 000 руб. - 6 500 руб.
2024-06-05,Sunlight,1.35,8596.0,БК КОЛЬЦА,6367.0,"Цены ниже! Ещё -5%, код: НОЧЬ до 11:00",https://sunlight.net/catalog/ring_331876.html,6 000 руб. - 6 500 руб.
2024-06-05,Sunlight,2.98,16897.0,БК КОЛЬЦА,5670.0,"Цены ниже! Ещё -10%, код: НОЧЬ до 11:00",https://sunlight.net/catalog/ring_353714.html,5 500 руб. - 6 000 руб.
2024-06-05,Sunlight,1.26,8814.0,БК ПОДВЕС ДЕКОР,6995.0,"Цены ниже! Ещё -10%, код: НОЧЬ до 11:00",https://sunlight.net/catalog/pendants_346539.html,6 500 руб. - 7 000 руб.
2024-06-05,Sunlight,0.88,6924.0,БК СЕРЬГИ,7868.0,"Цены ниже! Ещё -10%, код: НОЧЬ до 11:00",https://sunlight.net/catalog/earring_166974.html,7 000 руб. - 8 000 руб.
2024-06-05,Sunlight,4.16,33283.0,БК КОЛЬЦА,8001.0,"Цены ниже! Ещё -10%, код: НОЧЬ до 11:00",https://sunlight.net/catalog/ring_991002.html,8 000 руб. - 9 000 руб.
2024-06-05,Sunlight,1.24,7728.0,БК КОЛЬЦА,6232.0,"Цены ниже! Ещё -5%, код: НОЧЬ до 11:00",https://sunlight.net/catalog/ring_329526.html,6 000 руб. - 6 500 руб.
2024-06-05,Sunlight,5.03,37794.0,БК СЕРЬГИ,7514.0,"Цены ниже! Ещё -10%, код: НОЧЬ до 11:00",https://sunlight.net/catalog/earring_989052.html,7 000 руб. - 8 000 руб.
2024-06-05,Sunlight,2.29,16374.0,БК ПОДВЕС ДЕКОР,7150.0,"Цены ниже! Ещё -10%, код: НОЧЬ до 11:00",https://sunlight.net/catalog/pendants_993663.html,7 000 руб. - 8 000 руб.
2024-06-05,Sunlight,3.59,27084.0,БК СЕРЬГИ,7544.0,"Цены ниже! Ещё -10%, код: НОЧЬ до 11:00",https://sunlight.net/catalog/earring_993677.html,7 000 руб. - 8 000 руб.
2024-06-05,Sunlight,3.12,18894.0,БК СЕРЬГИ,6056.0,"Цены ниже! Ещё -10%, код: НОЧЬ до 11:00",https://sunlight.net/catalog/earring_991969.html,6 000 руб. - 6 500 руб.
2024-06-05,Sunlight,2.32,13885.0,БК КОЛЬЦА,5985.0,"Цены ниже! Ещё -10%, код: НОЧЬ до 11:00",https://sunlight.net/catalog/ring_993590.html,5 500 руб. - 6 000 руб.
2024-06-05,Sunlight,6.34,38745.0,БК КОЛЬЦА,6111.0,"Цены ниже! Ещё -10%, код: НОЧЬ до 11:00",https://sunlight.net/catalog/ring_991926.html,6 000 руб. - 6 500 руб.
2024-06-05,Sunlight,1.63,9514.0,БК СЕРЬГИ,5837.0,"Цены ниже! Ещё -15%, код: НОЧЬ до 11:00",https://sunlight.net/catalog/earring_991020.html,5 500 руб. - 6 000 руб.
2024-06-05,Sunlight,1.81,10704.0,БК СЕРЬГИ,5914.0,"Цены ниже! Ещё -15%, код: НОЧЬ до 11:00",https://sunlight.net/catalog/earring_997333.html,5 500 руб. - 6 000 руб.
2024-06-05,Sunlight,2.89,20224.0,БК СЕРЬГИ,6998.0,"Цены ниже! Ещё -15%, код: НОЧЬ до 11:00",https://sunlight.net/catalog/earring_993678.html,6 500 руб. - 7 000 руб.
2024-06-05,Sunlight,2.91,21269.0,БК КОЛЬЦА,7309.0,"Цены ниже! Ещё -10%, код: НОЧЬ до 11:00",https://sunlight.net/catalog/ring_994396.html,7 000 руб. - 8 000 руб.
2024-06-05,Sunlight,5.94,40247.0,БК КОЛЬЦА,6776.0,"Цены ниже! Ещё -20%, код: НОЧЬ до 11:00",https://sunlight.net/catalog/ring_991925.html,6 500 руб. - 7 000 руб.
2024-06-05,Sunlight,1.85,10609.0,БК КОЛЬЦА,5735.0,"Цены ниже! Ещё -10%, код: НОЧЬ до 11:00",https://sunlight.net/catalog/ring_993588.html,5 500 руб. - 6 000 руб.
2024-06-05,Sunlight,2.74,15744.0,БК СЕРЬГИ,5746.0,"Цены ниже! Ещё -10%, код: НОЧЬ до 11:00",https://sunlight.net/catalog/earring_349381.html,5 500 руб. - 6 000 руб.
2024-06-05,Sunlight,2.5,18725.0,ЦБ ЦЕПИ,7490.0,ХИТ-цена,https://sunlight.net/catalog/chains_53387.html,7 000 руб. - 8 000 руб.
2024-06-05,Sunlight,10.04,54734.0,БК ПОДВЕС КУЛЬТ,5452.0,"Цены ниже! Ещё -15%, код: НОЧЬ до 11:00",https://sunlight.net/catalog/pendants_988799.html,до 5 500 руб.
2024-06-05,Sunlight,2.43,13994.0,БК КОЛЬЦА,5759.0,"Цены ниже! Ещё -20%, код: НОЧЬ до 11:00",https://sunlight.net/catalog/ring_349460.html,5 500 руб. - 6 000 руб.
2024-06-05,Sunlight,1.09,8235.0,ЦБ БРАСЛЕТЫ,7555.0,"Цены ниже! Ещё -15%, код: НОЧЬ до 11:00",https://sunlight.net/catalog/bracelets_96935.html,7 000 руб. - 8 000 руб.
2024-06-05,Sunlight,3.04,17004.0,БК СЕРЬГИ,5593.0,"Цены ниже! Ещё -10%, код: НОЧЬ до 11:00",https://sunlight.net/catalog/earring_993807.html,5 500 руб. - 6 000 руб.
2024-06-05,Sunlight,11.32,73467.0,ЦБ БРАСЛЕТЫ,6490.0,ХИТ-цена,https://sunlight.net/catalog/bracelets_153138.html,6 000 руб. - 6 500 руб.
2024-06-05,Sunlight,7.93,48849.0,ЦБ БРАСЛЕТЫ,6160.0,"Цены ниже! Ещё -20%, код: НОЧЬ до 11:00",https://sunlight.net/catalog/bracelets_351766.html,6 000 руб. - 6 500 руб.
2024-06-05,Sunlight,2.33,13310.0,ЦБ БРАСЛЕТЫ,5712.0,"Цены ниже! Ещё -15%, код: НОЧЬ до 11:00",https://sunlight.net/catalog/bracelets_333316.html,5 500 руб. - 6 000 руб.
2024-06-05,Sunlight,1.73,12650.0,ЦБ БРАСЛЕТЫ,7312.0,"Цены ниже! Ещё -10%, код: НОЧЬ до 11:00",https://sunlight.net/catalog/bracelets_324317.html,7 000 руб. - 8 000 руб.
2024-06-05,Sunlight,2.08,11674.0,ЦБ БРАСЛЕТЫ,5612.0,"Цены ниже! Ещё -10%, код: НОЧЬ до 11:00",https://sunlight.net/catalog/bracelets_262470.html,5 500 руб. - 6 000 руб.
2024-06-05,Sunlight,3.61,25133.0,ЦБ БРАСЛЕТЫ,6962.0,"Цены ниже! Ещё -15%, код: НОЧЬ до 11:00",https://sunlight.net/catalog/bracelets_71659.html,6 500 руб. - 7 000 руб.
2024-06-05,Sunlight,3.7,24216.0,БК КОЛЬЦА ОБРУЧ,6545.0,"Цены ниже! Ещё -15%, код: НОЧЬ до 11:00",https://sunlight.net/catalog/ring_69733.html,6 500 руб. - 7 000 руб.
2024-06-05,Sunlight,1.19,10109.0,БК СЕРЬГИ,8495.0,"Цены ниже! Ещё -15%, код: НОЧЬ до 11:00",https://sunlight.net/catalog/earring_994935.html,8 000 руб. - 9 000 руб.
2024-06-05,Sunlight,0.86,5664.0,БК СЕРЬГИ,6586.0,"Цены ниже! Ещё -10%, код: НОЧЬ до 11:00",https://sunlight.net/catalog/earring_336059.html,6 500 руб. - 7 000 руб.
2024-06-05,Sunlight,0.75,5979.0,БК СЕРЬГИ,7972.0,"Цены ниже! Ещё -10%, код: НОЧЬ до 11:00",https://sunlight.net/catalog/one_earring_354505.html,7 000 руб. - 8 000 руб.
2024-06-05,Sunlight,0.75,5349.0,БК ПОДВЕС ДЕКОР,7132.0,"Цены ниже! Ещё -10%, код: НОЧЬ до 11:00",https://sunlight.net/catalog/pendants_335860.html,7 000 руб. - 8 000 руб.
2024-06-05,Sunlight,0.65,4754.0,БК ПОДВЕС ДЕКОР,7314.0,"Цены ниже! Ещё -20%, код: НОЧЬ до 11:00",https://sunlight.net/catalog/pendants_271471.html,7 000 руб. - 8 000 руб.
2024-06-05,Sunlight,2.12,15464.0,БК СЕРЬГИ,7294.0,"Цены ниже! Ещё -15%, код: НОЧЬ до 11:00",https://sunlight.net/catalog/earring_336254.html,7 000 руб. - 8 000 руб.
2024-06-05,Sunlight,2.74,18262.0,БК КОЛЬЦА,6665.0,"Цены ниже! Ещё -20%, код: НОЧЬ до 11:00",https://sunlight.net/catalog/ring_984126.html,6 500 руб. - 7 000 руб.
2024-06-05,Sunlight,1.58,11894.0,БК СЕРЬГИ,7528.0,"Цены ниже! Ещё -15%, код: НОЧЬ до 11:00",https://sunlight.net/catalog/earring_344982.html,7 000 руб. - 8 000 руб.
2024-06-05,Sunlight,8.66,55994.0,БК ПОДВЕС КУЛЬТ,6466.0,"Цены ниже! Ещё -20%, код: НОЧЬ до 11:00",https://sunlight.net/catalog/pendants_988798.html,6 000 руб. - 6 500 руб.
2024-06-05,Sunlight,3.86,32754.0,БК СЕРЬГИ,8485.0,"Цены ниже! Ещё -10%, код: НОЧЬ до 11:00",https://sunlight.net/catalog/earring_346525.html,8 000 руб. - 9 000 руб.
2024-06-05,Sunlight,5.98,48784.0,БК СЕРЬГИ,8158.0,"Цены ниже! Ещё -15%, код: НОЧЬ до 11:00",https://sunlight.net/catalog/earring_346500.html,8 000 руб. - 9 000 руб.
2024-06-05,Sunlight,1.92,17004.0,БК ПОДВЕС ДЕКОР,8856.0,"Цены ниже! Ещё -10%, код: НОЧЬ до 11:00",https://sunlight.net/catalog/pendants_346543.html,8 000 руб. - 9 000 руб.
2024-06-05,Sunlight,3.23,18516.0,БК КОЛЬЦА,5733.0,"Цены ниже! Ещё -10%, код: НОЧЬ до 11:00",https://sunlight.net/catalog/ring_353399.html,5 500 руб. - 6 000 руб.
2024-06-05,Sunlight,2.86,20819.0,БК СЕРЬГИ,7279.0,"Цены ниже! Ещё -15%, код: НОЧЬ до 11:00",https://sunlight.net/catalog/earring_994943.html,7 000 руб. - 8 000 руб.
2024-06-05,Sunlight,1.56,11894.0,БК СЕРЬГИ,7624.0,"Цены ниже! Ещё -15%, код: НОЧЬ до 11:00",https://sunlight.net/catalog/earring_983991.html,7 000 руб. - 8 000 руб.
2024-06-05,Sunlight,2.13,16374.0,БК СЕРЬГИ,7687.0,"Цены ниже! Ещё -10%, код: НОЧЬ до 11:00",https://sunlight.net/catalog/earring_994946.html,7 000 руб. - 8 000 руб.
2024-06-05,Sunlight,2.92,18088.0,БК КОЛЬЦА ОБРУЧ,6195.0,"Цены ниже! Ещё -15%, код: НОЧЬ до 11:00",https://sunlight.net/catalog/ring_108501.html,6 000 руб. - 6 500 руб.
2024-06-05,Sunlight,1.97,14869.0,БК СЕРЬГИ,7548.0,"Цены ниже! Ещё -15%, код: НОЧЬ до 11:00",https://sunlight.net/catalog/earring_984132.html,7 000 руб. - 8 000 руб.
2024-06-05,Sunlight,3.93,27289.0,БК КОЛЬЦА,6944.0,"Цены ниже! Ещё -20%, код: НОЧЬ до 11:00",https://sunlight.net/catalog/ring_984125.html,6 500 руб. - 7 000 руб.
2024-06-05,Sunlight,2.65,19629.0,БК СЕРЬГИ,7407.0,"Цены ниже! Ещё -15%, код: НОЧЬ до 11:00",https://sunlight.net/catalog/earring_348051.html,7 000 руб. - 8 000 руб.
2024-06-05,Sunlight,2.64,23092.0,БК КОЛЬЦА,8747.0,"Цены ниже! Ещё -15%, код: НОЧЬ до 11:00",https://sunlight.net/catalog/ring_991112.html,8 000 руб. - 9 000 руб.
2024-06-05,Sunlight,0.67,5034.0,БК СЕРЬГИ,7513.0,"Цены ниже! Ещё -10%, код: НОЧЬ до 11:00",https://sunlight.net/catalog/earring_333863.html,7 000 руб. - 8 000 руб.
2024-06-05,Sunlight,2.41,13854.0,БК СЕРЬГИ,5749.0,"Цены ниже! Ещё -10%, код: НОЧЬ до 11:00",https://sunlight.net/catalog/earring_349851.html,5 500 руб. - 6 000 руб.
2024-06-05,Sunlight,3.27,18894.0,БК СЕРЬГИ,5778.0,"Цены ниже! Ещё -10%, код: НОЧЬ до 11:00",https://sunlight.net/catalog/earring_285033.html,5 500 руб. - 6 000 руб.
2024-06-05,Sunlight,4.56,34644.0,БК СЕРЬГИ,7597.0,"Цены ниже! Ещё -10%, код: НОЧЬ до 11:00",https://sunlight.net/catalog/earring_345572.html,7 000 руб. - 8 000 руб.
2024-06-05,Sunlight,1.02,6426.0,БК КОЛЬЦА ОБРУЧ,6300.0,"Цены ниже! Ещё -10%, код: НОЧЬ до 11:00",https://sunlight.net/catalog/ring_100300.html,6 000 руб. - 6 500 руб.
2024-06-05,Sunlight,2.27,14554.0,БК СЕРЬГИ,6411.0,"Цены ниже! Ещё -20%, код: НОЧЬ до 11:00",https://sunlight.net/catalog/earring_983975.html,6 000 руб. - 6 500 руб.
2024-06-05,Sunlight,0.98,6242.0,БК ПОДВЕС ДЕКОР,6369.0,"Цены ниже! Ещё -15%, код: НОЧЬ до 11:00",https://sunlight.net/catalog/pendants_984230.html,6 000 руб. - 6 500 руб.
2024-06-05,Sunlight,4.74,40454.0,БК СЕРЬГИ,8535.0,"Цены ниже! Ещё -15%, код: НОЧЬ до 11:00",https://sunlight.net/catalog/earring_353401.html,8 000 руб. - 9 000 руб.
2024-06-05,Sunlight,1.81,10704.0,БК СЕРЬГИ,5914.0,"Цены ниже! Ещё -10%, код: НОЧЬ до 11:00",https://sunlight.net/catalog/earring_258371.html,5 500 руб. - 6 000 руб.
2024-06-05,Sunlight,1.39,8954.0,БК СЕРЬГИ,6442.0,"Цены ниже! Ещё -20%, код: НОЧЬ до 11:00",https://sunlight.net/catalog/earring_342374.html,6 000 руб. - 6 500 руб.
2024-06-05,Sunlight,2.55,14869.0,БК СЕРЬГИ,5831.0,"Цены ниже! Ещё -15%, код: НОЧЬ до 11:00",https://sunlight.net/catalog/earring_984154.html,5 500 руб. - 6 000 руб.
2024-06-05,Sunlight,1.88,12874.0,БК СЕРЬГИ,6848.0,"Цены ниже! Ещё -20%, код: НОЧЬ до 11:00",https://sunlight.net/catalog/earring_336253.html,6 500 руб. - 7 000 руб.
2024-06-05,Sunlight,1.03,6643.0,БК ПОДВЕС ДЕКОР,6450.0,"Цены ниже! Ещё -5%, код: НОЧЬ до 11:00",https://sunlight.net/catalog/pendants_349886.html,6 000 руб. - 6 500 руб.
2024-06-05,Sunlight,3.48,20784.0,БК СЕРЬГИ,5972.0,"Цены ниже! Ещё -10%, код: НОЧЬ до 11:00",https://sunlight.net/catalog/earring_344386.html,5 500 руб. - 6 000 руб.
2024-06-05,Sunlight,4.19,29744.0,БК СЕРЬГИ,7099.0,"Цены ниже! Ещё -15%, код: НОЧЬ до 11:00",https://sunlight.net/catalog/earring_356050.html,7 000 руб. - 8 000 руб.
2024-06-05,Sunlight,4.44,25824.0,БК СЕРЬГИ,5816.0,"Цены ниже! Ещё -10%, код: НОЧЬ до 11:00",https://sunlight.net/catalog/earring_354080.html,5 500 руб. - 6 000 руб.
2024-06-05,Sunlight,2.35,14484.0,БК СЕРЬГИ,6163.0,"Цены ниже! Ещё -10%, код: НОЧЬ до 11:00",https://sunlight.net/catalog/earring_348240.html,6 000 руб. - 6 500 руб.
2024-06-05,Sunlight,6.07,41644.0,БК СЕРЬГИ,6861.0,"Цены ниже! Ещё -15%, код: НОЧЬ до 11:00",https://sunlight.net/catalog/earring_993639.html,6 500 руб. - 7 000 руб.
2024-06-05,Sunlight,2.81,16374.0,БК СЕРЬГИ,5827.0,"Цены ниже! Ещё -10%, код: НОЧЬ до 11:00",https://sunlight.net/catalog/earring_258365.html,5 500 руб. - 6 000 руб.
2024-06-05,Sunlight,1.91,14090.0,БК КОЛЬЦА,7377.0,"Цены ниже! Ещё -15%, код: НОЧЬ до 11:00",https://sunlight.net/catalog/ring_983987.html,7 000 руб. - 8 000 руб.
2024-06-05,Sunlight,3.66,23934.0,БК СЕРЬГИ,6539.0,"Цены ниже! Ещё -10%, код: НОЧЬ до 11:00",https://sunlight.net/catalog/earring_346532.html,6 500 руб. - 7 000 руб.
2024-06-05,Sunlight,2.92,20849.0,БК КОЛЬЦА,7140.0,"Цены ниже! Ещё -15%, код: НОЧЬ до 11:00",https://sunlight.net/catalog/ring_80545.html,7 000 руб. - 8 000 руб.
2024-06-05,Sunlight,1.55,8854.0,БК КОЛЬЦА,5712.0,"Цены ниже! Ещё -15%, код: НОЧЬ до 11:00",https://sunlight.net/catalog/ring_87102.html,5 500 руб. - 6 000 руб.
2024-06-05,Sunlight,2.48,17634.0,БК ПОДВЕС ДЕКОР,7110.0,"Цены ниже! Ещё -10%, код: НОЧЬ до 11:00",https://sunlight.net/catalog/pendants_993645.html,7 000 руб. - 8 000 руб.
2024-06-05,Sunlight,1.76,10074.0,БК СЕРЬГИ,5724.0,"Цены ниже! Ещё -10%, код: НОЧЬ до 11:00",https://sunlight.net/catalog/earring_994934.html,5 500 руб. - 6 000 руб.
2024-06-05,Sunlight,1.26,8743.0,БК СЕРЬГИ,6939.0,"Цены ниже! Ещё -5%, код: НОЧЬ до 11:00",https://sunlight.net/catalog/earring_333549.html,6 500 руб. - 7 000 руб.
2024-06-05,Sunlight,3.39,19436.0,БК КОЛЬЦА,5733.0,"Цены ниже! Ещё -10%, код: НОЧЬ до 11:00",https://sunlight.net/catalog/ring_318778.html,5 500 руб. - 6 000 руб.
2024-06-05,Sunlight,5.59,35217.0,БК КОЛЬЦА,6300.0,"Цены ниже! Ещё -10%, код: НОЧЬ до 11:00",https://sunlight.net/catalog/ring_991928.html,6 000 руб. - 6 500 руб.
2024-06-05,Sunlight,2.6,16793.0,БК СЕРЬГИ,6459.0,"Цены ниже! Ещё -5%, код: НОЧЬ до 11:00",https://sunlight.net/catalog/earring_329523.html,6 000 руб. - 6 500 руб.
2024-06-05,Sunlight,1.87,10723.0,БК КОЛЬЦА,5734.0,"Цены ниже! Ещё -10%, код: НОЧЬ до 11:00",https://sunlight.net/catalog/ring_87026.html,5 500 руб. - 6 000 руб.
2024-06-05,Sunlight,2.31,13854.0,БК СЕРЬГИ,5997.0,"Цены ниже! Ещё -10%, код: НОЧЬ до 11:00",https://sunlight.net/catalog/earring_993597.html,5 500 руб. - 6 000 руб.
2024-06-05,Sunlight,2.92,17004.0,БК СЕРЬГИ,5823.0,"Цены ниже! Ещё -10%, код: НОЧЬ до 11:00",https://sunlight.net/catalog/earring_333421.html,5 500 руб. - 6 000 руб.
2024-06-05,Sunlight,4.5,26454.0,БК СЕРЬГИ,5879.0,"Цены ниже! Ещё -10%, код: НОЧЬ до 11:00",https://sunlight.net/catalog/earring_354074.html,5 500 руб. - 6 000 руб.
2024-06-05,Sunlight,1.94,13854.0,БК СЕРЬГИ,7141.0,"Цены ниже! Ещё -10%, код: НОЧЬ до 11:00",https://sunlight.net/catalog/earring_993670.html,7 000 руб. - 8 000 руб.
2024-06-05,Sunlight,3.32,25194.0,БК СЕРЬГИ,7589.0,"Цены ниже! Ещё -10%, код: НОЧЬ до 11:00",https://sunlight.net/catalog/earring_993650.html,7 000 руб. - 8 000 руб.
2024-06-05,Sunlight,14.36,77344.0,БК ПОДВЕС ДЕКОР,5386.0,"Цены ниже! Ещё -15%, код: НОЧЬ до 11:00",https://sunlight.net/catalog/pendants_992365.html,до 5 500 руб.
2024-06-05,Sunlight,3.74,23562.0,БК КОЛЬЦА,6300.0,"Цены ниже! Ещё -5%, код: НОЧЬ до 11:00",https://sunlight.net/catalog/ring_346491.html,6 000 руб. - 6 500 руб.
2024-06-05,Sunlight,3.2,18950.0,БК КОЛЬЦА,5922.0,"Цены ниже! Ещё -10%, код: НОЧЬ до 11:00",https://sunlight.net/catalog/ring_346490.html,5 500 руб. - 6 000 руб.
2024-06-05,Sunlight,4.46,24728.0,БК КОЛЬЦА,5544.0,"Цены ниже! Ещё -10%, код: НОЧЬ до 11:00",https://sunlight.net/catalog/ring_344389.html,5 500 руб. - 6 000 руб.
2024-06-05,Sunlight,3.55,26040.0,БК КОЛЬЦА,7335.0,"Цены ниже! Ещё -20%, код: НОЧЬ до 11:00",https://sunlight.net/catalog/ring_995638.html,7 000 руб. - 8 000 руб.
2024-06-05,Sunlight,12.0,66144.0,БК ПОДВЕС ДЕКОР,5512.0,"Цены ниже! Ещё -10%, код: НОЧЬ до 11:00",https://sunlight.net/catalog/pendants_992362.html,5 500 руб. - 6 000 руб.
2024-06-05,Sunlight,2.44,14274.0,БК СЕРЬГИ,5850.0,"Цены ниже! Ещё -15%, код: НОЧЬ до 11:00",https://sunlight.net/catalog/earring_338933.html,5 500 руб. - 6 000 руб.
2024-06-05,Sunlight,1.48,8486.0,БК КОЛЬЦА,5734.0,"Цены ниже! Ещё -10%, код: НОЧЬ до 11:00",https://sunlight.net/catalog/ring_300203.html,5 500 руб. - 6 000 руб.
2024-06-05,Sunlight,0.91,5985.0,БК КОЛЬЦА,6577.0,"Цены ниже! Ещё -5%, код: НОЧЬ до 11:00",https://sunlight.net/catalog/ring_329525.html,6 500 руб. - 7 000 руб.
2024-06-05,Sunlight,2.21,12489.0,БК СЕРЬГИ,5651.0,"Цены ниже! Ещё -15%, код: НОЧЬ до 11:00",https://sunlight.net/catalog/earring_991021.html,5 500 руб. - 6 000 руб.
2024-06-05,Sunlight,3.21,18894.0,БК СЕРЬГИ,5886.0,"Цены ниже! Ещё -10%, код: НОЧЬ до 11:00",https://sunlight.net/catalog/earring_343340.html,5 500 руб. - 6 000 руб.
2024-06-05,Sunlight,1.87,11299.0,БК СЕРЬГИ,6042.0,"Цены ниже! Ещё -15%, код: НОЧЬ до 11:00",https://sunlight.net/catalog/earring_338930.html,6 000 руб. - 6 500 руб.
2024-06-05,Sunlight,2.68,14869.0,БК СЕРЬГИ,5548.0,"Цены ниже! Ещё -15%, код: НОЧЬ до 11:00",https://sunlight.net/catalog/earring_331711.html,5 500 руб. - 6 000 руб.
2024-06-05,Sunlight,2.64,16374.0,БК СЕРЬГИ,6202.0,"Цены ниже! Ещё -10%, код: НОЧЬ до 11:00",https://sunlight.net/catalog/earring_230378.html,6 000 руб. - 6 500 руб.
2024-06-05,Sunlight,1.48,11299.0,БК ПОДВЕС КУЛЬТ,7634.0,"Цены ниже! Ещё -15%, код: НОЧЬ до 11:00",https://sunlight.net/catalog/pendants_350937.html,7 000 руб. - 8 000 руб.
2024-06-05,Sunlight,3.97,27993.0,БК СЕРЬГИ,7051.0,"Цены ниже! Ещё -5%, код: НОЧЬ до 11:00",https://sunlight.net/catalog/earring_346530.html,7 000 руб. - 8 000 руб.
2024-06-05,Sunlight,2.32,13444.0,БК КОЛЬЦА,5795.0,"Цены ниже! Ещё -10%, код: НОЧЬ до 11:00",https://sunlight.net/catalog/ring_346483.html,5 500 руб. - 6 000 руб.
2024-06-05,Sunlight,5.17,35694.0,БК СЕРЬГИ,6904.0,"Цены ниже! Ещё -15%, код: НОЧЬ до 11:00",https://sunlight.net/catalog/earring_985506.html,6 500 руб. - 7 000 руб.
2024-06-05,Sunlight,2.61,14869.0,БК СЕРЬГИ,5697.0,"Цены ниже! Ещё -15%, код: НОЧЬ до 11:00",https://sunlight.net/catalog/earring_342451.html,5 500 руб. - 6 000 руб.
2024-06-05,Sunlight,1.9,12594.0,БК СЕРЬГИ,6628.0,"Цены ниже! Ещё -10%, код: НОЧЬ до 11:00",https://sunlight.net/catalog/earring_333420.html,6 500 руб. - 7 000 руб.
2024-06-05,Sunlight,2.21,12227.0,БК КОЛЬЦА,5533.0,"Цены ниже! Ещё -15%, код: НОЧЬ до 11:00",https://sunlight.net/catalog/ring_330985.html,5 500 руб. - 6 000 руб.
2024-06-05,Sunlight,2.93,19593.0,БК СЕРЬГИ,6687.0,"Цены ниже! Ещё -5%, код: НОЧЬ до 11:00",https://sunlight.net/catalog/earring_329530.html,6 500 руб. - 7 000 руб.
2024-06-05,Sunlight,2.55,15114.0,БК СЕРЬГИ,5927.0,"Цены ниже! Ещё -10%, код: НОЧЬ до 11:00",https://sunlight.net/catalog/earring_327993.html,5 500 руб. - 6 000 руб.
2024-06-05,Sunlight,5.08,29604.0,БК СЕРЬГИ,5828.0,"Цены ниже! Ещё -10%, код: НОЧЬ до 11:00",https://sunlight.net/catalog/earring_346527.html,5 500 руб. - 6 000 руб.
2024-06-05,Sunlight,3.74,22674.0,БК СЕРЬГИ,6063.0,"Цены ниже! Ещё -10%, код: НОЧЬ до 11:00",https://sunlight.net/catalog/earring_346516.html,6 000 руб. - 6 500 руб.
2024-06-05,Sunlight,1.99,11964.0,БК СЕРЬГИ,6012.0,"Цены ниже! Ещё -10%, код: НОЧЬ до 11:00",https://sunlight.net/catalog/earring_339423.html,6 000 руб. - 6 500 руб.
2024-06-05,Sunlight,3.69,21155.0,БК КОЛЬЦА,5733.0,"Цены ниже! Ещё -10%, код: НОЧЬ до 11:00",https://sunlight.net/catalog/ring_351188.html,5 500 руб. - 6 000 руб.
2024-06-05,Sunlight,3.92,23304.0,БК СЕРЬГИ,5945.0,"Цены ниже! Ещё -10%, код: НОЧЬ до 11:00",https://sunlight.net/catalog/earring_343364.html,5 500 руб. - 6 000 руб.
2024-06-05,Sunlight,2.33,13679.0,БК СЕРЬГИ,5871.0,"Цены ниже! Ещё -15%, код: НОЧЬ до 11:00",https://sunlight.net/catalog/earring_984204.html,5 500 руб. - 6 000 руб.
2024-06-05,Sunlight,2.01,11299.0,БК СЕРЬГИ,5621.0,"Цены ниже! Ещё -15%, код: НОЧЬ до 11:00",https://sunlight.net/catalog/earring_331920.html,5 500 руб. - 6 000 руб.
2024-06-05,Sunlight,1.1,6294.0,БК ПОДВЕС ДЕКОР,5722.0,"Цены ниже! Ещё -10%, код: НОЧЬ до 11:00",https://sunlight.net/catalog/pendants_327997.html,5 500 руб. - 6 000 руб.
2024-06-05,Sunlight,4.41,25194.0,БК СЕРЬГИ,5713.0,"Цены ниже! Ещё -10%, код: НОЧЬ до 11:00",https://sunlight.net/catalog/earring_356051.html,5 500 руб. - 6 000 руб.
2024-06-05,Sunlight,2.81,15547.0,БК КОЛЬЦА,5533.0,"Цены ниже! Ещё -15%, код: НОЧЬ до 11:00",https://sunlight.net/catalog/ring_344397.html,5 500 руб. - 6 000 руб.
2024-06-05,Sunlight,2.33,13854.0,БК СЕРЬГИ,5946.0,"Цены ниже! Ещё -10%, код: НОЧЬ до 11:00",https://sunlight.net/catalog/earring_338934.html,5 500 руб. - 6 000 руб.
2024-06-05,Sunlight,3.66,20224.0,БК СЕРЬГИ,5526.0,"Цены ниже! Ещё -15%, код: НОЧЬ до 11:00",https://sunlight.net/catalog/earring_992479.html,5 500 руб. - 6 000 руб.
2024-06-05,Sunlight,4.68,26240.0,БК КОЛЬЦА,5607.0,"Цены ниже! Ещё -10%, код: НОЧЬ до 11:00",https://sunlight.net/catalog/ring_344391.html,5 500 руб. - 6 000 руб.
2024-06-05,Sunlight,19.51,91344.0,БК ПОДВЕС КУЛЬТ,4682.0,"Цены ниже! Ещё -10%, код: НОЧЬ до 11:00",https://sunlight.net/catalog/pendants_988794.html,до 5 500 руб.
2024-06-05,Sunlight,5.79,33524.0,ЦБ ЦЕПИ,5790.0,ХИТ-цена,https://sunlight.net/catalog/chains_341409.html,5 500 руб. - 6 000 руб.
2024-06-05,Sunlight,6.04,34625.0,БК КОЛЬЦА,5733.0,"Цены ниже! Ещё -10%, код: НОЧЬ до 11:00",https://sunlight.net/catalog/ring_990995.html,5 500 руб. - 6 000 руб.
2024-06-05,Sunlight,3.38,18894.0,БК СЕРЬГИ,5590.0,"Цены ниже! Ещё -10%, код: НОЧЬ до 11:00",https://sunlight.net/catalog/earring_990430.html,5 500 руб. - 6 000 руб.
2024-06-05,Sunlight,3.49,25954.0,ЦБ БРАСЛЕТЫ,7437.0,"Цены ниже! Ещё -15%, код: НОЧЬ до 11:00",https://sunlight.net/catalog/bracelets_354895.html,7 000 руб. - 8 000 руб.
2024-06-05,Sunlight,1.78,10987.0,ЦБ БРАСЛЕТЫ,6172.0,"Цены ниже! Ещё -10%, код: НОЧЬ до 11:00",https://sunlight.net/catalog/bracelets_354027.html,6 000 руб. - 6 500 руб.
2024-06-05,Sunlight,2.25,13324.0,ЦБ БРАСЛЕТЫ,5922.0,"Цены ниже! Ещё -10%, код: НОЧЬ до 11:00",https://sunlight.net/catalog/bracelets_993621.html,5 500 руб. - 6 000 руб.
2024-06-05,Sunlight,4.97,40355.0,ЦБ БРАСЛЕТЫ,8120.0,нет скидочного купона,https://sunlight.net/catalog/bracelets_991986.html,8 000 руб. - 9 000 руб.
2024-06-05,Sunlight,4.42,30767.0,ЦБ БРАСЛЕТЫ,6961.0,"Цены ниже! Ещё -15%, код: НОЧЬ до 11:00",https://sunlight.net/catalog/bracelets_991689.html,6 500 руб. - 7 000 руб.
2024-06-05,Sunlight,52.06,285809.0,ЦБ БРАСЛЕТЫ,5490.0,ХИТ-цена,https://sunlight.net/catalog/bracelets_344752.html,до 5 500 руб.
2024-06-05,Sunlight,9.77,55804.0,ЦБ БРАСЛЕТЫ,5712.0,"Цены ниже! Ещё -20%, код: НОЧЬ до 11:00",https://sunlight.net/catalog/bracelets_341391.html,5 500 руб. - 6 000 руб.
2024-06-05,Sunlight,64.51,354160.0,ЦБ ЦЕПИ,5490.0,ХИТ-цена,https://sunlight.net/catalog/chains_153082.html,до 5 500 руб.
2024-06-05,Sunlight,1.2,9120.0,БК КОЛЬЦА,7600.0,ХИТ-цена,https://sunlight.net/catalog/ring_182134.html,7 000 руб. - 8 000 руб.
2024-06-05,Sunlight,0.35,3144.0,БК СЕРЬГИ,8983.0,"Цены ниже! Ещё -10%, код: НОЧЬ до 11:00",https://sunlight.net/catalog/earring_994611.html,8 000 руб. - 9 000 руб.
2024-06-05,Sunlight,1.3,8845.0,БК КОЛЬЦА ОБРУЧ,6804.0,"Цены ниже! Ещё -10%, код: НОЧЬ до 11:00",https://sunlight.net/catalog/ring_180847.html,6 500 руб. - 7 000 руб.
2024-06-05,Sunlight,1.74,11489.0,БК КОЛЬЦА ОБРУЧ,6603.0,"Цены ниже! Ещё -15%, код: НОЧЬ до 11:00",https://sunlight.net/catalog/ring_180846.html,6 500 руб. - 7 000 руб.
2024-06-05,Sunlight,1.7,11228.0,БК КОЛЬЦА ОБРУЧ,6605.0,"Цены ниже! Ещё -15%, код: НОЧЬ до 11:00",https://sunlight.net/catalog/ring_180844.html,6 500 руб. - 7 000 руб.
2024-06-05,Sunlight,1.3,8663.0,БК КОЛЬЦА ОБРУЧ,6664.0,"Цены ниже! Ещё -15%, код: НОЧЬ до 11:00",https://sunlight.net/catalog/ring_180843.html,6 500 руб. - 7 000 руб.
2024-06-05,Sunlight,1.82,12019.0,БК КОЛЬЦА ОБРУЧ,6604.0,"Цены ниже! Ещё -15%, код: НОЧЬ до 11:00",https://sunlight.net/catalog/ring_180848.html,6 500 руб. - 7 000 руб.
2024-06-05,Sunlight,2.38,15577.0,БК КОЛЬЦА ОБРУЧ,6545.0,"Цены ниже! Ещё -15%, код: НОЧЬ до 11:00",https://sunlight.net/catalog/ring_180845.html,6 500 руб. - 7 000 руб.
2024-06-05,Sunlight,2.92,20153.0,БК КОЛЬЦА ОБРУЧ,6902.0,"Цены ниже! Ещё -15%, код: НОЧЬ до 11:00",https://sunlight.net/catalog/ring_994538.html,6 500 руб. - 7 000 руб.
2024-06-05,Sunlight,0.52,4404.0,БК СЕРЬГИ,8469.0,"Цены ниже! Ещё -10%, код: НОЧЬ до 11:00",https://sunlight.net/catalog/earring_333416.html,8 000 руб. - 9 000 руб.
2024-06-05,Sunlight,1.04,6990.0,БК ПОДВЕС ДЕКОР,6721.0,ХИТ-цена,https://sunlight.net/catalog/pendants_367456.html,6 500 руб. - 7 000 руб.
2024-06-05,Sunlight,0.73,5944.0,БК СЕРЬГИ,8142.0,"Цены ниже! Ещё -15%, код: НОЧЬ до 11:00",https://sunlight.net/catalog/earring_84301.html,8 000 руб. - 9 000 руб.
2024-06-05,Sunlight,0.18,1674.0,БК ПОДВЕС ДЕКОР,9300.0,"Цены ниже! Ещё -20%, код: НОЧЬ до 11:00",https://sunlight.net/catalog/pendants254939.html,9 000 руб. - 10 000 руб.
2024-06-05,Sunlight,2.92,20153.0,БК КОЛЬЦА ОБРУЧ,6902.0,"Цены ниже! Ещё -15%, код: НОЧЬ до 11:00",https://sunlight.net/catalog/ring_994539.html,6 500 руб. - 7 000 руб.
2024-06-05,Sunlight,1.79,13679.0,БК СЕРЬГИ,7642.0,"Цены ниже! Ещё -15%, код: НОЧЬ до 11:00",https://sunlight.net/catalog/earring_309141.html,7 000 руб. - 8 000 руб.
2024-06-05,Sunlight,0.52,4194.0,БК ПОДВЕС ДЕКОР,8065.0,"Цены ниже! Ещё -20%, код: НОЧЬ до 11:00",https://sunlight.net/catalog/pendants_367463.html,8 000 руб. - 9 000 руб.
2024-06-05,Sunlight,0.32,1898.0,БК ПОДВЕС ДЕКОР,5931.0,"Цены ниже! Ещё -15%, код: НОЧЬ до 11:00",https://sunlight.net/catalog/pendants_339429.html,5 500 руб. - 6 000 руб.
2024-06-05,Sunlight,0.52,3790.0,БК ПОДВЕС ДЕКОР,7288.0,ХИТ-цена,https://sunlight.net/catalog/pendants_367448.html,7 000 руб. - 8 000 руб.
2024-06-05,Sunlight,3.09,21023.0,БК КОЛЬЦА ОБРУЧ,6804.0,"Цены ниже! Ещё -10%, код: НОЧЬ до 11:00",https://sunlight.net/catalog/ring_992883.html,6 500 руб. - 7 000 руб.
2024-06-05,Sunlight,0.56,5034.0,БК ПОДВЕС ДЕКОР,8989.0,"Цены ниже! Ещё -20%, код: НОЧЬ до 11:00",https://sunlight.net/catalog/pendants_367466.html,8 000 руб. - 9 000 руб.
2024-06-05,Sunlight,0.58,4754.0,БК ПОДВЕС ДЕКОР,8197.0,"Цены ниже! Ещё -20%, код: НОЧЬ до 11:00",https://sunlight.net/catalog/pendants_367464.html,8 000 руб. - 9 000 руб.
2024-06-05,Sunlight,0.97,6994.0,БК ПОДВЕС ДЕКОР,7210.0,"Цены ниже! Ещё -20%, код: НОЧЬ до 11:00",https://sunlight.net/catalog/pendants_367457.html,7 000 руб. - 8 000 руб.
2024-06-05,Sunlight,1.57,12314.0,БК ПОДВЕС ДЕКОР,7843.0,"Цены ниже! Ещё -20%, код: НОЧЬ до 11:00",https://sunlight.net/catalog/pendants_181283.html,7 000 руб. - 8 000 руб.
2024-06-05,Sunlight,1.33,10109.0,БК СЕРЬГИ,7601.0,"Цены ниже! Ещё -15%, код: НОЧЬ до 11:00",https://sunlight.net/catalog/earring_170366.html,7 000 руб. - 8 000 руб.
2024-06-05,Sunlight,0.83,5874.0,БК ПОДВЕС ДЕКОР,7077.0,"Цены ниже! Ещё -20%, код: НОЧЬ до 11:00",https://sunlight.net/catalog/pendants_367449.html,7 000 руб. - 8 000 руб.
2024-06-05,Sunlight,1.77,11692.0,БК КОЛЬЦА ОБРУЧ,6606.0,"Цены ниже! Ещё -15%, код: НОЧЬ до 11:00",https://sunlight.net/catalog/ring_357219.html,6 500 руб. - 7 000 руб.
2024-06-05,Sunlight,1.09,9444.0,БК СЕРЬГИ,8664.0,"Цены ниже! Ещё -10%, код: НОЧЬ до 11:00",https://sunlight.net/catalog/earring_358562.html,8 000 руб. - 9 000 руб.
2024-06-05,Sunlight,1.57,10460.0,БК КОЛЬЦА ОБРУЧ,6662.0,"Цены ниже! Ещё -15%, код: НОЧЬ до 11:00",https://sunlight.net/catalog/ring_357220.html,6 500 руб. - 7 000 руб.
2024-06-05,Sunlight,1.87,12352.0,БК КОЛЬЦА ОБРУЧ,6605.0,"Цены ниже! Ещё -15%, код: НОЧЬ до 11:00",https://sunlight.net/catalog/ring_357221.html,6 500 руб. - 7 000 руб.
2024-06-05,Sunlight,3.43,23335.0,БК КОЛЬЦА ОБРУЧ,6803.0,"Цены ниже! Ещё -10%, код: НОЧЬ до 11:00",https://sunlight.net/catalog/ring_993960.html,6 500 руб. - 7 000 руб.
2024-06-05,Sunlight,2.7,17860.0,БК КОЛЬЦА ОБРУЧ,6615.0,"Цены ниже! Ещё -10%, код: НОЧЬ до 11:00",https://sunlight.net/catalog/ring_993957.html,6 500 руб. - 7 000 руб.
2024-06-05,Sunlight,3.31,22848.0,БК КОЛЬЦА ОБРУЧ,6903.0,"Цены ниже! Ещё -15%, код: НОЧЬ до 11:00",https://sunlight.net/catalog/ring_994482.html,6 500 руб. - 7 000 руб.
2024-06-05,Sunlight,0.94,8622.0,БК СЕРЬГИ,9172.0,"Цены ниже! Ещё -15%, код: НОЧЬ до 11:00",https://sunlight.net/catalog/earring_995646.html,9 000 руб. - 10 000 руб.
2024-06-05,Sunlight,2.77,18850.0,БК КОЛЬЦА ОБРУЧ,6805.0,"Цены ниже! Ещё -10%, код: НОЧЬ до 11:00",https://sunlight.net/catalog/ring_993955.html,6 500 руб. - 7 000 руб.
2024-06-05,Sunlight,2.92,19681.0,БК КОЛЬЦА ОБРУЧ,6740.0,"Цены ниже! Ещё -10%, код: НОЧЬ до 11:00",https://sunlight.net/catalog/ring_993952.html,6 500 руб. - 7 000 руб.
2024-06-05,Sunlight,0.53,4474.0,БК СЕРЬГИ,8442.0,"Цены ниже! Ещё -20%, код: НОЧЬ до 11:00",https://sunlight.net/catalog/earring_994612.html,8 000 руб. - 9 000 руб.
2024-06-05,Sunlight,0.89,6154.0,БК ПОДВЕС ДЕКОР,6915.0,"Цены ниже! Ещё -20%, код: НОЧЬ до 11:00",https://sunlight.net/catalog/pendants_367452.html,6 500 руб. - 7 000 руб.
2024-06-05,Sunlight,2.26,16374.0,БК КОЛЬЦА,7245.0,"Цены ниже! Ещё -10%, код: НОЧЬ до 11:00",https://sunlight.net/catalog/ring_991000.html,7 000 руб. - 8 000 руб.
2024-06-05,Sunlight,1.01,6994.0,БК ПОДВЕС ДЕКОР,6925.0,"Цены ниже! Ещё -20%, код: НОЧЬ до 11:00",https://sunlight.net/catalog/pendants_367501.html,6 500 руб. - 7 000 руб.
2024-06-05,Sunlight,4.42,29456.0,БК КОЛЬЦА ОБРУЧ,6664.0,"Цены ниже! Ещё -20%, код: НОЧЬ до 11:00",https://sunlight.net/catalog/ring_995917.html,6 500 руб. - 7 000 руб.
2024-06-05,Sunlight,5.34,37979.0,БК КОЛЬЦА,7112.0,"Цены ниже! Ещё -20%, код: НОЧЬ до 11:00",https://sunlight.net/catalog/ring_354340.html,7 000 руб. - 8 000 руб.
2024-06-05,Sunlight,0.58,4194.0,БК ПОДВЕС ДЕКОР,7231.0,"Цены ниже! Ещё -20%, код: НОЧЬ до 11:00",https://sunlight.net/catalog/pendants_367462.html,7 000 руб. - 8 000 руб.
2024-06-05,Sunlight,0.83,6154.0,БК ПОДВЕС ДЕКОР,7414.0,"Цены ниже! Ещё -20%, код: НОЧЬ до 11:00",https://sunlight.net/catalog/pendants_367450.html,7 000 руб. - 8 000 руб.
2024-06-05,Sunlight,1.73,13854.0,БК СЕРЬГИ,8008.0,"Цены ниже! Ещё -10%, код: НОЧЬ до 11:00",https://sunlight.net/catalog/earring_87755.html,8 000 руб. - 9 000 руб.
2024-06-05,Sunlight,0.85,6714.0,БК ПОДВЕС ДЕКОР,7899.0,"Цены ниже! Ещё -20%, код: НОЧЬ до 11:00",https://sunlight.net/catalog/pendants_367447.html,7 000 руб. - 8 000 руб.
2024-06-05,Sunlight,0.52,3914.0,БК СЕРЬГИ,7527.0,"Цены ниже! Ещё -20%, код: НОЧЬ до 11:00",https://sunlight.net/catalog/earring_348325.html,7 000 руб. - 8 000 руб.
2024-06-05,Sunlight,0.65,4754.0,БК ПОДВЕС ДЕКОР,7314.0,"Цены ниже! Ещё -15%, код: НОЧЬ до 11:00",https://sunlight.net/catalog/pendants_181136.html,7 000 руб. - 8 000 руб.
2024-06-05,Sunlight,0.86,5874.0,БК ПОДВЕС ДЕКОР,6830.0,"Цены ниже! Ещё -20%, код: НОЧЬ до 11:00",https://sunlight.net/catalog/pendants_367446.html,6 500 руб. - 7 000 руб.
2024-06-05,Sunlight,0.15,1226.0,БК СЕРЬГИ,8173.0,"Цены ниже! Ещё -20%, код: НОЧЬ до 11:00",https://sunlight.net/catalog/piercing_348283.html,8 000 руб. - 9 000 руб.
2024-06-05,Sunlight,0.57,4159.0,БК ПОДВЕС ДЕКОР,7296.0,"Цены ниже! Ещё -15%, код: НОЧЬ до 11:00",https://sunlight.net/catalog/pendants_267652.html,7 000 руб. - 8 000 руб.
2024-06-05,Sunlight,1.16,8919.0,БК СЕРЬГИ,7689.0,"Цены ниже! Ещё -15%, код: НОЧЬ до 11:00",https://sunlight.net/catalog/earring_320711.html,7 000 руб. - 8 000 руб.
2024-06-05,Sunlight,4.58,34644.0,БК ПОДВЕС ДЕКОР,7564.0,"Цены ниже! Ещё -10%, код: НОЧЬ до 11:00",https://sunlight.net/catalog/pendants_179606.html,7 000 руб. - 8 000 руб.
2024-06-05,Sunlight,0.92,7834.0,БК СЕРЬГИ,8515.0,"Цены ниже! Ещё -20%, код: НОЧЬ до 11:00",https://sunlight.net/catalog/earring_366965.html,8 000 руб. - 9 000 руб.
2024-06-05,Sunlight,2.88,19234.0,БК КОЛЬЦА ОБРУЧ,6678.0,"Цены ниже! Ещё -10%, код: НОЧЬ до 11:00",https://sunlight.net/catalog/ring_993953.html,6 500 руб. - 7 000 руб.
2024-06-05,Sunlight,1.01,7274.0,БК ПОДВЕС ДЕКОР,7202.0,"Цены ниже! Ещё -20%, код: НОЧЬ до 11:00",https://sunlight.net/catalog/pendants_367459.html,7 000 руб. - 8 000 руб.
2024-06-05,Sunlight,0.79,5314.0,БК ПОДВЕС ДЕКОР,6727.0,"Цены ниже! Ещё -20%, код: НОЧЬ до 11:00",https://sunlight.net/catalog/pendants_183656.html,6 500 руб. - 7 000 руб.
2024-06-05,Sunlight,0.57,4194.0,БК ПОДВЕС ДЕКОР,7358.0,"Цены ниже! Ещё -20%, код: НОЧЬ до 11:00",https://sunlight.net/catalog/pendants_367465.html,7 000 руб. - 8 000 руб.
2024-06-05,Sunlight,1.0,7432.0,БК ПОДВЕС ДЕКОР,7432.0,"Цены ниже! Ещё -15%, код: НОЧЬ до 11:00",https://sunlight.net/catalog/pendants_984240.html,7 000 руб. - 8 000 руб.
2024-06-05,Sunlight,0.61,3564.0,БК СЕРЬГИ,5843.0,"Цены снижены! Ещё -15%, код: СЕГОДНЯ",https://sunlight.net/catalog/piercing_333553.html,5 500 руб. - 6 000 руб.
2024-06-05,Sunlight,1.8,14484.0,БК СЕРЬГИ,8047.0,"Цены ниже! Ещё -10%, код: НОЧЬ до 11:00",https://sunlight.net/catalog/earring_66237.html,8 000 руб. - 9 000 руб.
2024-06-05,Sunlight,1.21,10109.0,БК СЕРЬГИ,8355.0,"Цены ниже! Ещё -15%, код: НОЧЬ до 11:00",https://sunlight.net/catalog/earring_366966.html,8 000 руб. - 9 000 руб.
2024-06-05,Sunlight,0.54,3914.0,БК СЕРЬГИ,7248.0,"Цены ниже! Ещё -20%, код: НОЧЬ до 11:00",https://sunlight.net/catalog/piercing_333445.html,7 000 руб. - 8 000 руб.
2024-06-05,Sunlight,1.26,9608.0,БК КОЛЬЦА,7625.0,"Цены ниже! Ещё -10%, код: НОЧЬ до 11:00",https://sunlight.net/catalog/ring_181229.html,7 000 руб. - 8 000 руб.
2024-06-05,Sunlight,0.93,7432.0,БК СЕРЬГИ,7991.0,"Цены ниже! Ещё -15%, код: НОЧЬ до 11:00",https://sunlight.net/catalog/earring_348331.html,7 000 руб. - 8 000 руб.
2024-06-05,Sunlight,1.88,15464.0,БК СЕРЬГИ,8226.0,"Цены ниже! Ещё -15%, код: НОЧЬ до 11:00",https://sunlight.net/catalog/earring_366968.html,8 000 руб. - 9 000 руб.
2024-06-05,Sunlight,1.29,9104.0,БК КОЛЬЦА,7057.0,"Цены ниже! Ещё -10%, код: НОЧЬ до 11:00",https://sunlight.net/catalog/ring_184230.html,7 000 руб. - 8 000 руб.
2024-06-05,Sunlight,2.66,17766.0,БК КОЛЬЦА ОБРУЧ,6679.0,"Цены ниже! Ещё -10%, код: НОЧЬ до 11:00",https://sunlight.net/catalog/ring_993958.html,6 500 руб. - 7 000 руб.
2024-06-05,Sunlight,0.98,7869.0,БК СЕРЬГИ,8030.0,"Цены ниже! Ещё -10%, код: НОЧЬ до 11:00",https://sunlight.net/catalog/earring_167391.html,8 000 руб. - 9 000 руб.
2024-06-05,Sunlight,2.72,18509.0,БК КОЛЬЦА ОБРУЧ,6805.0,"Цены ниже! Ещё -10%, код: НОЧЬ до 11:00",https://sunlight.net/catalog/ring_993956.html,6 500 руб. - 7 000 руб.
2024-06-05,Sunlight,3.78,24769.0,БК КОЛЬЦА ОБРУЧ,6553.0,"Цены ниже! Ещё -20%, код: НОЧЬ до 11:00",https://sunlight.net/catalog/ring_995919.html,6 500 руб. - 7 000 руб.
2024-06-05,Sunlight,0.8,6837.0,БК СЕРЬГИ,8546.0,"Цены ниже! Ещё -15%, код: НОЧЬ до 11:00",https://sunlight.net/catalog/earring_173039.html,8 000 руб. - 9 000 руб.
2024-06-05,Sunlight,1.77,15464.0,БК ПОДВЕС ДЕКОР,8737.0,"Цены ниже! Ещё -15%, код: НОЧЬ до 11:00",https://sunlight.net/catalog/pendants_309143.html,8 000 руб. - 9 000 руб.
2024-06-05,Sunlight,3.25,22113.0,БК КОЛЬЦА ОБРУЧ,6804.0,"Цены ниже! Ещё -10%, код: НОЧЬ до 11:00",https://sunlight.net/catalog/ring_993961.html,6 500 руб. - 7 000 руб.
2024-06-05,Sunlight,2.96,19769.0,БК КОЛЬЦА ОБРУЧ,6679.0,"Цены ниже! Ещё -10%, код: НОЧЬ до 11:00",https://sunlight.net/catalog/ring_993954.html,6 500 руб. - 7 000 руб.
2024-06-05,Sunlight,2.04,14392.0,БК КОЛЬЦА,7055.0,"Цены ниже! Ещё -20%, код: НОЧЬ до 11:00",https://sunlight.net/catalog/ring_358514.html,7 000 руб. - 8 000 руб.
2024-06-05,Sunlight,0.45,3564.0,БК ПОДВЕС ДЕКОР,7920.0,"Цены ниже! Ещё -15%, код: НОЧЬ до 11:00",https://sunlight.net/catalog/pendants_993809.html,7 000 руб. - 8 000 руб.
2024-06-05,Sunlight,1.02,8324.0,БК СЕРЬГИ,8161.0,"Цены ниже! Ещё -15%, код: НОЧЬ до 11:00",https://sunlight.net/catalog/earring_173045.html,8 000 руб. - 9 000 руб.
2024-06-05,Sunlight,1.15,8282.0,БК КОЛЬЦА,7202.0,"Цены ниже! Ещё -15%, код: НОЧЬ до 11:00",https://sunlight.net/catalog/ring_181227.html,7 000 руб. - 8 000 руб.
2024-06-05,Sunlight,1.01,7092.0,БК КОЛЬЦА,7022.0,"Цены ниже! Ещё -15%, код: НОЧЬ до 11:00",https://sunlight.net/catalog/ring_93168.html,7 000 руб. - 8 000 руб.
2024-06-05,Sunlight,0.87,6154.0,БК ПОДВЕС ДЕКОР,7074.0,"Цены ниже! Ещё -20%, код: НОЧЬ до 11:00",https://sunlight.net/catalog/pendants_367461.html,7 000 руб. - 8 000 руб.
2024-06-05,Sunlight,1.01,7274.0,БК ПОДВЕС ДЕКОР,7202.0,"Цены ниже! Ещё -20%, код: НОЧЬ до 11:00",https://sunlight.net/catalog/pendants_367500.html,7 000 руб. - 8 000 руб.
2024-06-05,Sunlight,0.88,6154.0,БК ПОДВЕС ДЕКОР,6993.0,"Цены ниже! Ещё -20%, код: НОЧЬ до 11:00",https://sunlight.net/catalog/pendants_367451.html,6 500 руб. - 7 000 руб.
2024-06-05,Sunlight,1.86,13434.0,БК ПОДВЕС ДЕКОР,7223.0,"Цены ниже! Ещё -20%, код: НОЧЬ до 11:00",https://sunlight.net/catalog/pendants_367455.html,7 000 руб. - 8 000 руб.
2024-06-05,Sunlight,0.96,6714.0,БК СЕРЬГИ,6994.0,"Цены ниже! Ещё -20%, код: НОЧЬ до 11:00",https://sunlight.net/catalog/earring_348329.html,6 500 руб. - 7 000 руб.
2024-06-05,Sunlight,2.63,16374.0,БК СЕРЬГИ,6226.0,"Цены ниже! Ещё -10%, код: НОЧЬ до 11:00",https://sunlight.net/catalog/earring_348255.html,6 000 руб. - 6 500 руб.
2024-06-05,Sunlight,5.37,37890.0,БК КОЛЬЦА,7056.0,"Цены ниже! Ещё -20%, код: НОЧЬ до 11:00",https://sunlight.net/catalog/ring_309080.html,7 000 руб. - 8 000 руб.
2024-06-05,Sunlight,1.87,13434.0,БК ПОДВЕС ДЕКОР,7184.0,"Цены ниже! Ещё -20%, код: НОЧЬ до 11:00",https://sunlight.net/catalog/pendants_367454.html,7 000 руб. - 8 000 руб.
2024-06-05,Sunlight,1.7,12489.0,БК СЕРЬГИ,7346.0,"Цены ниже! Ещё -15%, код: НОЧЬ до 11:00",https://sunlight.net/catalog/earring_994401.html,7 000 руб. - 8 000 руб.
2024-06-05,Sunlight,1.99,13994.0,БК ПОДВЕС ДЕКОР,7032.0,"Цены ниже! Ещё -20%, код: НОЧЬ до 11:00",https://sunlight.net/catalog/pendants_367453.html,7 000 руб. - 8 000 руб.
2024-06-05,Sunlight,2.44,19034.0,БК КОЛЬЦА,7801.0,"Цены ниже! Ещё -20%, код: НОЧЬ до 11:00",https://sunlight.net/catalog/ring_983794.html,7 000 руб. - 8 000 руб.
2024-06-05,Sunlight,0.49,3862.0,БК ПОДВЕС ДЕКОР,7882.0,"Цены ниже! Ещё -15%, код: НОЧЬ до 11:00",https://sunlight.net/catalog/pendants_181574.html,7 000 руб. - 8 000 руб.
2024-06-05,Sunlight,4.59,30587.0,БК КОЛЬЦА ОБРУЧ,6664.0,"Цены ниже! Ещё -20%, код: НОЧЬ до 11:00",https://sunlight.net/catalog/ring_182518.html,6 500 руб. - 7 000 руб.
2024-06-05,Sunlight,0.76,4457.0,БК СЕРЬГИ,5864.0,"Цены ниже! Ещё -15%, код: НОЧЬ до 11:00",https://sunlight.net/catalog/one_earring_273828.html,5 500 руб. - 6 000 руб.
2024-06-05,Sunlight,0.99,5944.0,БК СЕРЬГИ,6004.0,"Цены ниже! Ещё -15%, код: НОЧЬ до 11:00",https://sunlight.net/catalog/piercing_348237.html,6 000 руб. - 6 500 руб.
2024-06-05,Sunlight,0.81,5874.0,БК ПОДВЕС ДЕКОР,7252.0,"Цены ниже! Ещё -20%, код: НОЧЬ до 11:00",https://sunlight.net/catalog/pendants_181132.html,7 000 руб. - 8 000 руб.
2024-06-05,Sunlight,1.31,9740.0,БК КОЛЬЦА,7435.0,"Цены ниже! Ещё -10%, код: НОЧЬ до 11:00",https://sunlight.net/catalog/ring_181242.html,7 000 руб. - 8 000 руб.
2024-06-05,Sunlight,1.94,15114.0,БК СЕРЬГИ,7791.0,"Цены ниже! Ещё -20%, код: НОЧЬ до 11:00",https://sunlight.net/catalog/earring_984131.html,7 000 руб. - 8 000 руб.
2024-06-05,Sunlight,0.79,4754.0,БК СЕРЬГИ,6018.0,"Цены ниже! Ещё -15%, код: НОЧЬ до 11:00",https://sunlight.net/catalog/one_earring_333322.html,6 000 руб. - 6 500 руб.
2024-06-05,Sunlight,1.84,10666.0,БК КОЛЬЦА,5797.0,"Цены ниже! Ещё -10%, код: НОЧЬ до 11:00",https://sunlight.net/catalog/ring_348250.html,5 500 руб. - 6 000 руб.
2024-06-05,Sunlight,1.76,12874.0,БК СЕРЬГИ,7315.0,"Цены ниже! Ещё -20%, код: НОЧЬ до 11:00",https://sunlight.net/catalog/earring_348349.html,7 000 руб. - 8 000 руб.
2024-06-05,Sunlight,5.06,55993.0,БК КОЛЬЦА,11066.0,нет скидочного купона,https://sunlight.net/catalog/ring_174191.html,свыше 10 000 руб.
2024-06-05,Sunlight,0.93,6294.0,БК ПОДВЕС КУЛЬТ,6768.0,"Цены ниже! Ещё -10%, код: НОЧЬ до 11:00",https://sunlight.net/catalog/pendants_205764.html,6 500 руб. - 7 000 руб.
2024-06-05,Sunlight,0.57,4754.0,БК ПОДВЕС ДЕКОР,8340.0,"Цены ниже! Ещё -15%, код: НОЧЬ до 11:00",https://sunlight.net/catalog/pendants_181577.html,8 000 руб. - 9 000 руб.
2024-06-05,Sunlight,1.76,14274.0,БК ПОДВЕС ДЕКОР,8110.0,"Цены ниже! Ещё -15%, код: НОЧЬ до 11:00",https://sunlight.net/catalog/pendants_179858.html,8 000 руб. - 9 000 руб.
2024-06-05,Sunlight,0.53,3914.0,БК ПОДВЕС ДЕКОР,7385.0,"Цены ниже! Ещё -20%, код: НОЧЬ до 11:00",https://sunlight.net/catalog/pendants_367467.html,7 000 руб. - 8 000 руб.
2024-06-05,Sunlight,1.1,8027.0,БК СЕРЬГИ,7297.0,"Цены ниже! Ещё -15%, код: НОЧЬ до 11:00",https://sunlight.net/catalog/earring_308210.html,7 000 руб. - 8 000 руб.
2024-06-05,Sunlight,1.29,9514.0,БК СЕРЬГИ,7375.0,"Цены ниже! Ещё -15%, код: НОЧЬ до 11:00",https://sunlight.net/catalog/earring_180828.html,7 000 руб. - 8 000 руб.
2024-06-05,Sunlight,4.76,50393.0,БК КОЛЬЦА,10587.0,нет скидочного купона,https://sunlight.net/catalog/ring_174194.html,свыше 10 000 руб.
2024-06-05,Sunlight,0.56,4457.0,БК ПОДВЕС ДЕКОР,7959.0,"Цены ниже! Ещё -15%, код: НОЧЬ до 11:00",https://sunlight.net/catalog/pendants_181578.html,7 000 руб. - 8 000 руб.
2024-06-05,Sunlight,0.46,3564.0,БК ПОДВЕС ДЕКОР,7748.0,"Цены ниже! Ещё -15%, код: НОЧЬ до 11:00",https://sunlight.net/catalog/pendants_181575.html,7 000 руб. - 8 000 руб.
2024-06-05,Sunlight,0.92,8393.0,БК СЕРЬГИ,9123.0,нет скидочного купона,https://sunlight.net/catalog/earring_167388.html,9 000 руб. - 10 000 руб.
2024-06-05,Sunlight,2.79,18592.0,БК КОЛЬЦА,6664.0,"Цены ниже! Ещё -20%, код: НОЧЬ до 11:00",https://sunlight.net/catalog/ring_358515.html,6 500 руб. - 7 000 руб.
2024-06-05,Sunlight,1.37,12593.0,БК СЕРЬГИ,9192.0,нет скидочного купона,https://sunlight.net/catalog/earring_168039.html,9 000 руб. - 10 000 руб.
2024-06-05,Sunlight,0.5,3862.0,БК ПОДВЕС ДЕКОР,7724.0,"Цены ниже! Ещё -15%, код: НОЧЬ до 11:00",https://sunlight.net/catalog/pendants_181579.html,7 000 руб. - 8 000 руб.
2024-06-05,Sunlight,0.4,3267.0,БК ПОДВЕС ДЕКОР,8168.0,"Цены ниже! Ещё -15%, код: НОЧЬ до 11:00",https://sunlight.net/catalog/pendants_181573.html,8 000 руб. - 9 000 руб.
2024-06-05,Sunlight,3.46,30934.0,БК ПОДВЕС ДЕКОР,8940.0,"Цены ниже! Ещё -15%, код: НОЧЬ до 11:00",https://sunlight.net/catalog/pendants_179822.html,8 000 руб. - 9 000 руб.
2024-06-05,Sunlight,4.5,48993.0,БК КОЛЬЦА,10887.0,нет скидочного купона,https://sunlight.net/catalog/ring_174215.html,свыше 10 000 руб.
2024-06-05,Sunlight,1.71,12874.0,БК СЕРЬГИ,7529.0,"Цены ниже! Ещё -20%, код: НОЧЬ до 11:00",https://sunlight.net/catalog/earring_170336.html,7 000 руб. - 8 000 руб.
2024-06-05,Sunlight,8.68,62216.0,БК КОЛЬЦА,7168.0,"Цены ниже! Ещё -20%, код: НОЧЬ до 11:00",https://sunlight.net/catalog/ring_177383.html,7 000 руб. - 8 000 руб.
2024-06-05,Sunlight,0.72,5594.0,БК СЕРЬГИ,7769.0,"Цены ниже! Ещё -20%, код: НОЧЬ до 11:00",https://sunlight.net/catalog/earring_994613.html,7 000 руб. - 8 000 руб.
2024-06-05,Sunlight,4.0,35694.0,БК СЕРЬГИ,8924.0,"Цены ниже! Ещё -15%, код: НОЧЬ до 11:00",https://sunlight.net/catalog/earring_346509.html,8 000 руб. - 9 000 руб.
2024-06-05,Sunlight,1.95,13578.0,БК КОЛЬЦА,6963.0,"Цены ниже! Ещё -15%, код: НОЧЬ до 11:00",https://sunlight.net/catalog/ring_984441.html,6 500 руб. - 7 000 руб.
2024-06-05,Sunlight,1.11,6714.0,БК ПОДВЕС ДЕКОР,6049.0,"Цены ниже! Ещё -20%, код: НОЧЬ до 11:00",https://sunlight.net/catalog/pendants_183655.html,6 000 руб. - 6 500 руб.
2024-06-05,Sunlight,3.9,25579.0,БК КОЛЬЦА,6559.0,"Цены ниже! Ещё -15%, код: НОЧЬ до 11:00",https://sunlight.net/catalog/ring_180523.html,6 500 руб. - 7 000 руб.
2024-06-05,Sunlight,3.0,20154.0,БК КОЛЬЦА,6718.0,"Цены ниже! Ещё -20%, код: НОЧЬ до 11:00",https://sunlight.net/catalog/ring_180520.html,6 500 руб. - 7 000 руб.
2024-06-05,Sunlight,3.32,28554.0,БК СЕРЬГИ,8601.0,"Цены ниже! Ещё -15%, код: НОЧЬ до 11:00",https://sunlight.net/catalog/earring_991025.html,8 000 руб. - 9 000 руб.
2024-06-05,Sunlight,1.73,23093.0,БК КОЛЬЦА,13349.0,нет скидочного купона,https://sunlight.net/catalog/ring_177102.html,свыше 10 000 руб.
2024-06-05,Sunlight,4.52,50393.0,БК КОЛЬЦА,11149.0,нет скидочного купона,https://sunlight.net/catalog/ring_174193.html,свыше 10 000 руб.
2024-06-05,Sunlight,1.26,9444.0,БК СЕРЬГИ,7495.0,"Цены ниже! Ещё -10%, код: НОЧЬ до 11:00",https://sunlight.net/catalog/earring_180827.html,7 000 руб. - 8 000 руб.
2024-06-05,Sunlight,8.64,55642.0,БК КОЛЬЦА,6440.0,"Цены ниже! Ещё -20%, код: НОЧЬ до 11:00",https://sunlight.net/catalog/ring_177382.html,6 000 руб. - 6 500 руб.
2024-06-05,Sunlight,3.03,23514.0,БК КОЛЬЦА,7760.0,"Цены ниже! Ещё -20%, код: НОЧЬ до 11:00",https://sunlight.net/catalog/ring_353614.html,7 000 руб. - 8 000 руб.
2024-06-05,Sunlight,0.72,5349.0,БК СЕРЬГИ,7429.0,"Цены ниже! Ещё -10%, код: НОЧЬ до 11:00",https://sunlight.net/catalog/earring_344962.html,7 000 руб. - 8 000 руб.
2024-06-05,Sunlight,0.24,1482.0,БК СЕРЬГИ,6175.0,"Цены снижены! Ещё -15%, код: СЕГОДНЯ",https://sunlight.net/catalog/piercing_254923.html,6 000 руб. - 6 500 руб.
2024-06-05,Sunlight,1.57,11686.0,БК КОЛЬЦА,7443.0,"Цены ниже! Ещё -15%, код: НОЧЬ до 11:00",https://sunlight.net/catalog/ring_106245.html,7 000 руб. - 8 000 руб.
2024-06-05,Sunlight,1.34,8394.0,БК СЕРЬГИ,6264.0,"Цены ниже! Ещё -20%, код: НОЧЬ до 11:00",https://sunlight.net/catalog/earring_345028.html,6 000 руб. - 6 500 руб.
2024-06-05,Sunlight,1.93,14869.0,БК СЕРЬГИ,7704.0,"Цены ниже! Ещё -15%, код: НОЧЬ до 11:00",https://sunlight.net/catalog/earring_170332.html,7 000 руб. - 8 000 руб.
2024-06-05,Sunlight,1.37,9514.0,БК ПОДВЕС ДЕКОР,6945.0,"Цены ниже! Ещё -15%, код: НОЧЬ до 11:00",https://sunlight.net/catalog/pendants_179549.html,6 500 руб. - 7 000 руб.
2024-06-05,Sunlight,0.41,3074.0,БК ПОДВЕС ДЕКОР,7498.0,"Цены ниже! Ещё -20%, код: НОЧЬ до 11:00",https://sunlight.net/catalog/pendants_984224.html,7 000 руб. - 8 000 руб.
2024-06-05,Sunlight,0.41,3074.0,БК ПОДВЕС ДЕКОР,7498.0,"Цены ниже! Ещё -20%, код: НОЧЬ до 11:00",https://sunlight.net/catalog/pendants_995843.html,7 000 руб. - 8 000 руб.
2024-06-05,Sunlight,2.23,14693.0,БК СЕРЬГИ,6589.0,"Цены ниже! Ещё -5%, код: НОЧЬ до 11:00",https://sunlight.net/catalog/earring_181228.html,6 500 руб. - 7 000 руб.
2024-06-05,Sunlight,1.03,7274.0,БК ПОДВЕС КУЛЬТ,7062.0,"Цены ниже! Ещё -20%, код: НОЧЬ до 11:00",https://sunlight.net/catalog/pendants_984229.html,7 000 руб. - 8 000 руб.
2024-06-05,Sunlight,1.54,10074.0,БК ПОДВЕС ДЕКОР,6542.0,"Цены ниже! Ещё -10%, код: НОЧЬ до 11:00",https://sunlight.net/catalog/pendants_181332.html,6 500 руб. - 7 000 руб.
2024-06-05,Sunlight,1.5,12314.0,БК СЕРЬГИ,8209.0,"Цены ниже! Ещё -20%, код: НОЧЬ до 11:00",https://sunlight.net/catalog/earring_351928.html,8 000 руб. - 9 000 руб.
2024-06-05,Sunlight,0.62,3862.0,БК ПОДВЕС ДЕКОР,6229.0,"Цены ниже! Ещё -15%, код: НОЧЬ до 11:00",https://sunlight.net/catalog/pendants_184205.html,6 000 руб. - 6 500 руб.
2024-06-05,Sunlight,1.51,8532.0,БК КОЛЬЦА,5650.0,"Цены ниже! Ещё -15%, код: НОЧЬ до 11:00",https://sunlight.net/catalog/ring256249.html,5 500 руб. - 6 000 руб.
2024-06-05,Sunlight,4.64,31181.0,БК КОЛЬЦА,6720.0,"Цены ниже! Ещё -20%, код: НОЧЬ до 11:00",https://sunlight.net/catalog/ring_185353.html,6 500 руб. - 7 000 руб.
2024-06-05,Sunlight,5.05,39194.0,БК ПОДВЕС КУЛЬТ,7761.0,"Цены ниже! Ещё -20%, код: НОЧЬ до 11:00",https://sunlight.net/catalog/pendants_354872.html,7 000 руб. - 8 000 руб.
2024-06-05,Sunlight,1.3,10074.0,БК ПОДВЕС ДЕКОР,7749.0,"Цены ниже! Ещё -20%, код: НОЧЬ до 11:00",https://sunlight.net/catalog/pendants_179584.html,7 000 руб. - 8 000 руб.
2024-06-05,Sunlight,0.96,6924.0,БК СЕРЬГИ,7212.0,"Цены ниже! Ещё -10%, код: НОЧЬ до 11:00",https://sunlight.net/catalog/earring_167914.html,7 000 руб. - 8 000 руб.
2024-06-05,Sunlight,1.9,13679.0,БК ПОДВЕС КУЛЬТ,7199.0,"Цены ниже! Ещё -15%, код: НОЧЬ до 11:00",https://sunlight.net/catalog/pendants_179559.html,7 000 руб. - 8 000 руб.
2024-06-05,Sunlight,2.44,17844.0,БК СЕРЬГИ,7313.0,"Цены ниже! Ещё -15%, код: НОЧЬ до 11:00",https://sunlight.net/catalog/earring_984202.html,7 000 руб. - 8 000 руб.
2024-06-05,Sunlight,4.26,26769.0,БК СЕРЬГИ,6284.0,"Цены ниже! Ещё -15%, код: НОЧЬ до 11:00",https://sunlight.net/catalog/earring_180519.html,6 000 руб. - 6 500 руб.
2024-06-05,Sunlight,6.0,40454.0,БК СЕРЬГИ,6742.0,"Цены ниже! Ещё -15%, код: НОЧЬ до 11:00",https://sunlight.net/catalog/earring_180522.html,6 500 руб. - 7 000 руб.
2024-06-05,Sunlight,2.09,15464.0,БК СЕРЬГИ,7399.0,"Цены ниже! Ещё -15%, код: НОЧЬ до 11:00",https://sunlight.net/catalog/earring_994376.html,7 000 руб. - 8 000 руб.
2024-06-05,Sunlight,1.75,13224.0,БК СЕРЬГИ,7557.0,"Цены ниже! Ещё -10%, код: НОЧЬ до 11:00",https://sunlight.net/catalog/earring_994373.html,7 000 руб. - 8 000 руб.
2024-06-05,Sunlight,2.06,13679.0,БК ПОДВЕС ДЕКОР,6640.0,"Цены ниже! Ещё -15%, код: НОЧЬ до 11:00",https://sunlight.net/catalog/pendants_984235.html,6 500 руб. - 7 000 руб.
2024-06-05,Sunlight,0.79,5874.0,БК ПОДВЕС ДЕКОР,7435.0,"Цены ниже! Ещё -20%, код: НОЧЬ до 11:00",https://sunlight.net/catalog/pendants_179597.html,7 000 руб. - 8 000 руб.
2024-06-05,Sunlight,3.33,21274.0,БК СЕРЬГИ,6389.0,"Цены ниже! Ещё -20%, код: НОЧЬ до 11:00",https://sunlight.net/catalog/earring_991023.html,6 000 руб. - 6 500 руб.
2024-06-05,Sunlight,1.54,13854.0,БК ПОДВЕС ДЕКОР,8996.0,"Цены ниже! Ещё -10%, код: НОЧЬ до 11:00",https://sunlight.net/catalog/pendants_995634.html,8 000 руб. - 9 000 руб.
2024-06-05,Sunlight,2.67,27293.0,БК СЕРЬГИ,10222.0,нет скидочного купона,https://sunlight.net/catalog/earring_177154.html,свыше 10 000 руб.
2024-06-05,Sunlight,2.46,30093.0,БК КОЛЬЦА,12233.0,нет скидочного купона,https://sunlight.net/catalog/ring_174125.html,свыше 10 000 руб.
2024-06-05,Sunlight,2.44,20154.0,БК СЕРЬГИ,8260.0,"Цены ниже! Ещё -10%, код: НОЧЬ до 11:00",https://sunlight.net/catalog/earring_358028.html,8 000 руб. - 9 000 руб.
2024-06-05,Sunlight,1.76,14484.0,БК СЕРЬГИ,8230.0,"Цены ниже! Ещё -10%, код: НОЧЬ до 11:00",https://sunlight.net/catalog/earring_185369.html,8 000 руб. - 9 000 руб.
2024-06-05,Sunlight,5.04,38074.0,БК СЕРЬГИ,7554.0,"Цены ниже! Ещё -20%, код: НОЧЬ до 11:00",https://sunlight.net/catalog/earring_990087.html,7 000 руб. - 8 000 руб.
2024-06-05,Sunlight,2.43,18894.0,БК СЕРЬГИ,7775.0,"Цены ниже! Ещё -10%, код: НОЧЬ до 11:00",https://sunlight.net/catalog/earring_358027.html,7 000 руб. - 8 000 руб.
2024-06-05,Sunlight,1.07,8814.0,БК СЕРЬГИ,8237.0,"Цены ниже! Ещё -10%, код: НОЧЬ до 11:00",https://sunlight.net/catalog/earring_185372.html,8 000 руб. - 9 000 руб.
2024-06-05,Sunlight,3.43,36393.0,БК СЕРЬГИ,10610.0,нет скидочного купона,https://sunlight.net/catalog/earring_177106.html,свыше 10 000 руб.
2024-06-05,Sunlight,2.91,24564.0,БК СЕРЬГИ,8441.0,"Цены ниже! Ещё -10%, код: НОЧЬ до 11:00",https://sunlight.net/catalog/earring_358025.html,8 000 руб. - 9 000 руб.
2024-06-05,Sunlight,3.31,27714.0,БК СЕРЬГИ,8373.0,"Цены ниже! Ещё -10%, код: НОЧЬ до 11:00",https://sunlight.net/catalog/earring_358022.html,8 000 руб. - 9 000 руб.
2024-06-05,Sunlight,0.85,6924.0,БК СЕРЬГИ,8146.0,"Цены ниже! Ещё -10%, код: НОЧЬ до 11:00",https://sunlight.net/catalog/earring_183256.html,8 000 руб. - 9 000 руб.
2024-06-05,Sunlight,2.7,22674.0,БК СЕРЬГИ,8398.0,"Цены ниже! Ещё -10%, код: НОЧЬ до 11:00",https://sunlight.net/catalog/earring_358029.html,8 000 руб. - 9 000 руб.
2024-06-05,Sunlight,3.59,21414.0,БК СЕРЬГИ,5965.0,"Цены ниже! Ещё -10%, код: НОЧЬ до 11:00",https://sunlight.net/catalog/earring_348341.html,5 500 руб. - 6 000 руб.
2024-06-05,Sunlight,1.99,14274.0,БК СЕРЬГИ,7173.0,"Цены ниже! Ещё -15%, код: НОЧЬ до 11:00",https://sunlight.net/catalog/earring_344957.html,7 000 руб. - 8 000 руб.
2024-06-05,Sunlight,4.27,48993.0,БК КОЛЬЦА,11474.0,нет скидочного купона,https://sunlight.net/catalog/ring_177104.html,свыше 10 000 руб.
2024-06-05,Sunlight,2.48,17856.0,БК КОЛЬЦА,7200.0,"Цены ниже! Ещё -15%, код: НОЧЬ до 11:00",https://sunlight.net/catalog/ring_994941.html,7 000 руб. - 8 000 руб.
2024-06-05,Sunlight,2.53,20784.0,БК СЕРЬГИ,8215.0,"Цены ниже! Ещё -10%, код: НОЧЬ до 11:00",https://sunlight.net/catalog/earring_358023.html,8 000 руб. - 9 000 руб.
2024-06-05,Sunlight,1.52,11299.0,БК СЕРЬГИ,7434.0,"Цены ниже! Ещё -15%, код: НОЧЬ до 11:00",https://sunlight.net/catalog/earring_994374.html,7 000 руб. - 8 000 руб.
2024-06-05,Sunlight,0.73,5314.0,БК ПОДВЕС ДЕКОР,7279.0,"Цены ниже! Ещё -20%, код: НОЧЬ до 11:00",https://sunlight.net/catalog/pendants_179590.html,7 000 руб. - 8 000 руб.
2024-06-05,Sunlight,4.3,48993.0,БК КОЛЬЦА,11394.0,нет скидочного купона,https://sunlight.net/catalog/ring_177103.html,свыше 10 000 руб.
2024-06-05,Sunlight,1.11,10074.0,БК СЕРЬГИ,9076.0,"Цены ниже! Ещё -10%, код: НОЧЬ до 11:00",https://sunlight.net/catalog/earring_358026.html,9 000 руб. - 10 000 руб.
2024-06-05,Sunlight,2.7,21274.0,БК СЕРЬГИ,7879.0,"Цены ниже! Ещё -20%, код: НОЧЬ до 11:00",https://sunlight.net/catalog/earring_180524.html,7 000 руб. - 8 000 руб.
2024-06-05,Sunlight,4.48,38669.0,БК ПОДВЕС ДЕКОР,8631.0,"Цены ниже! Ещё -15%, код: НОЧЬ до 11:00",https://sunlight.net/catalog/pendants_995911.html,8 000 руб. - 9 000 руб.
2024-06-05,Sunlight,0.67,4194.0,БК ПОДВЕС ДЕКОР,6260.0,"Цены ниже! Ещё -20%, код: НОЧЬ до 11:00",https://sunlight.net/catalog/pendants_182181.html,6 000 руб. - 6 500 руб.
2024-06-05,Sunlight,3.0,33593.0,БК КОЛЬЦА,11198.0,нет скидочного купона,https://sunlight.net/catalog/ring_174038.html,свыше 10 000 руб.
2024-06-05,Sunlight,1.53,8814.0,БК СЕРЬГИ,5761.0,"Цены ниже! Ещё -10%, код: НОЧЬ до 11:00",https://sunlight.net/catalog/earring_308217.html,5 500 руб. - 6 000 руб.
2024-06-05,Sunlight,3.65,32124.0,БК ПОДВЕС ДЕКОР,8801.0,"Цены ниже! Ещё -10%, код: НОЧЬ до 11:00",https://sunlight.net/catalog/pendants_179816.html,8 000 руб. - 9 000 руб.
2024-06-05,Sunlight,3.3,19335.0,БК КОЛЬЦА,5859.0,"Цены ниже! Ещё -10%, код: НОЧЬ до 11:00",https://sunlight.net/catalog/ring_992205.html,5 500 руб. - 6 000 руб.
2024-06-05,Sunlight,0.7,5979.0,БК СЕРЬГИ,8541.0,"Цены ниже! Ещё -10%, код: НОЧЬ до 11:00",https://sunlight.net/catalog/earring_357188.html,8 000 руб. - 9 000 руб.
2024-06-05,Sunlight,2.92,30093.0,БК СЕРЬГИ,10306.0,нет скидочного купона,https://sunlight.net/catalog/earring_992228.html,свыше 10 000 руб.
2024-06-05,Sunlight,2.74,23934.0,БК СЕРЬГИ,8735.0,"Цены ниже! Ещё -10%, код: НОЧЬ до 11:00",https://sunlight.net/catalog/earring_358024.html,8 000 руб. - 9 000 руб.
2024-06-05,Sunlight,0.95,6714.0,БК ПОДВЕС ДЕКОР,7067.0,"Цены ниже! Ещё -20%, код: НОЧЬ до 11:00",https://sunlight.net/catalog/pendants_179579.html,7 000 руб. - 8 000 руб.
2024-06-05,Sunlight,1.64,11418.0,БК КОЛЬЦА,6962.0,"Цены ниже! Ещё -15%, код: НОЧЬ до 11:00",https://sunlight.net/catalog/ring_183629.html,6 500 руб. - 7 000 руб.
2024-06-05,Sunlight,7.15,51514.0,БК ПОДВЕС ДЕКОР,7205.0,"Цены ниже! Ещё -20%, код: НОЧЬ до 11:00",https://sunlight.net/catalog/pendants_179610.html,7 000 руб. - 8 000 руб.
2024-06-05,Sunlight,3.53,32691.0,БК КОЛЬЦА,9261.0,"Цены ниже! Ещё -10%, код: НОЧЬ до 11:00",https://sunlight.net/catalog/ring_358916.html,9 000 руб. - 10 000 руб.
2024-06-05,Sunlight,4.73,33593.0,БК СЕРЬГИ,7102.0,"Цены ниже! Ещё -5%, код: НОЧЬ до 11:00",https://sunlight.net/catalog/earring_353402.html,7 000 руб. - 8 000 руб.
2024-06-05,Sunlight,1.14,7834.0,БК ПОДВЕС ДЕКОР,6872.0,"Цены ниже! Ещё -20%, код: НОЧЬ до 11:00",https://sunlight.net/catalog/pendants_185988.html,6 500 руб. - 7 000 руб.
2024-06-05,Sunlight,5.74,46404.0,БК СЕРЬГИ,8084.0,"Цены ниже! Ещё -15%, код: НОЧЬ до 11:00",https://sunlight.net/catalog/earring_353774.html,8 000 руб. - 9 000 руб.
2024-06-05,Sunlight,1.96,14484.0,БК СЕРЬГИ,7390.0,"Цены ниже! Ещё -10%, код: НОЧЬ до 11:00",https://sunlight.net/catalog/earring_348243.html,7 000 руб. - 8 000 руб.
2024-06-05,Sunlight,8.6,56347.0,БК КОЛЬЦА,6552.0,"Цены ниже! Ещё -20%, код: НОЧЬ до 11:00",https://sunlight.net/catalog/ring_185488.html,6 500 руб. - 7 000 руб.
2024-06-05,Sunlight,0.54,4194.0,БК ПОДВЕС ДЕКОР,7767.0,"Цены ниже! Ещё -20%, код: НОЧЬ до 11:00",https://sunlight.net/catalog/pendants_994398.html,7 000 руб. - 8 000 руб.
2024-06-05,Sunlight,0.63,3862.0,БК СЕРЬГИ,6130.0,"Цены ниже! Ещё -15%, код: НОЧЬ до 11:00",https://sunlight.net/catalog/one_earring_348730.html,6 000 руб. - 6 500 руб.
2024-06-05,Sunlight,2.01,15114.0,БК СЕРЬГИ,7519.0,"Цены ниже! Ещё -20%, код: НОЧЬ до 11:00",https://sunlight.net/catalog/earring_348025.html,7 000 руб. - 8 000 руб.
2024-06-05,Sunlight,3.43,29604.0,БК СЕРЬГИ,8631.0,"Цены ниже! Ещё -10%, код: НОЧЬ до 11:00",https://sunlight.net/catalog/earring_179802.html,8 000 руб. - 9 000 руб.
2024-06-05,Sunlight,2.78,17249.0,БК СЕРЬГИ,6205.0,"Цены ниже! Ещё -15%, код: НОЧЬ до 11:00",https://sunlight.net/catalog/earring_346318.html,6 000 руб. - 6 500 руб.
2024-06-05,Sunlight,0.73,5594.0,БК ПОДВЕС ДЕКОР,7663.0,"Цены ниже! Ещё -20%, код: НОЧЬ до 11:00",https://sunlight.net/catalog/pendants_186907.html,7 000 руб. - 8 000 руб.
2024-06-05,Sunlight,6.08,43243.0,БК КОЛЬЦА,7112.0,"Цены ниже! Ещё -20%, код: НОЧЬ до 11:00",https://sunlight.net/catalog/ring_185357.html,7 000 руб. - 8 000 руб.
2024-06-05,Sunlight,0.36,2969.0,БК ПОДВЕС ДЕКОР,8247.0,"Цены ниже! Ещё -15%, код: НОЧЬ до 11:00",https://sunlight.net/catalog/pendants_359033.html,8 000 руб. - 9 000 руб.
2024-06-05,Sunlight,3.71,28344.0,БК СЕРЬГИ,7640.0,"Цены ниже! Ещё -10%, код: НОЧЬ до 11:00",https://sunlight.net/catalog/earring_995170.html,7 000 руб. - 8 000 руб.
2024-06-05,Sunlight,1.53,9444.0,БК СЕРЬГИ,6173.0,"Цены ниже! Ещё -10%, код: НОЧЬ до 11:00",https://sunlight.net/catalog/earring_992637.html,6 000 руб. - 6 500 руб.
2024-06-05,Sunlight,14.43,83994.0,БК ПОДВЕС ДЕКОР,5821.0,"Цены ниже! Ещё -20%, код: НОЧЬ до 11:00",https://sunlight.net/catalog/pendants_179572.html,5 500 руб. - 6 000 руб.
2024-06-05,Sunlight,1.8,16374.0,БК ПОДВЕС ДЕКОР,9097.0,"Цены ниже! Ещё -10%, код: НОЧЬ до 11:00",https://sunlight.net/catalog/pendants_177409.html,9 000 руб. - 10 000 руб.
2024-06-05,Sunlight,3.99,31339.0,БК КОЛЬЦА,7854.0,"Цены ниже! Ещё -15%, код: НОЧЬ до 11:00",https://sunlight.net/catalog/ring_353772.html,7 000 руб. - 8 000 руб.
2024-06-05,Sunlight,2.04,11964.0,БК СЕРЬГИ,5865.0,"Цены ниже! Ещё -10%, код: НОЧЬ до 11:00",https://sunlight.net/catalog/earring_984094.html,5 500 руб. - 6 000 руб.
2024-06-05,Sunlight,0.35,3018.0,БК СЕРЬГИ,8623.0,"Цены ниже! Ещё -10%, код: НОЧЬ до 11:00",https://sunlight.net/catalog/one_earring_357189.html,8 000 руб. - 9 000 руб.
2024-06-05,Sunlight,3.53,26454.0,БК СЕРЬГИ,7494.0,"Цены ниже! Ещё -10%, код: НОЧЬ до 11:00",https://sunlight.net/catalog/earring_997015.html,7 000 руб. - 8 000 руб.
2024-06-05,Sunlight,1.95,13633.0,БК КОЛЬЦА,6991.0,"Цены ниже! Ещё -10%, код: НОЧЬ до 11:00",https://sunlight.net/catalog/ring_170991.html,6 500 руб. - 7 000 руб.
2024-06-05,Sunlight,1.91,14080.0,БК КОЛЬЦА,7372.0,"Цены ниже! Ещё -10%, код: НОЧЬ до 11:00",https://sunlight.net/catalog/ring_356508.html,7 000 руб. - 8 000 руб.
2024-06-05,Sunlight,2.0,15114.0,БК СЕРЬГИ,7557.0,"Цены ниже! Ещё -20%, код: НОЧЬ до 11:00",https://sunlight.net/catalog/earring_348016.html,7 000 руб. - 8 000 руб.
2024-06-05,Sunlight,0.76,5034.0,БК ПОДВЕС ДЕКОР,6624.0,"Цены ниже! Ещё -20%, код: НОЧЬ до 11:00",https://sunlight.net/catalog/pendants_185987.html,6 500 руб. - 7 000 руб.
2024-06-05,Sunlight,2.02,15019.0,БК КОЛЬЦА,7435.0,"Цены ниже! Ещё -10%, код: НОЧЬ до 11:00",https://sunlight.net/catalog/ring_174518.html,7 000 руб. - 8 000 руб.
2024-06-05,Sunlight,2.5,15114.0,БК СЕРЬГИ,6046.0,"Цены ниже! Ещё -10%, код: НОЧЬ до 11:00",https://sunlight.net/catalog/earring_991972.html,6 000 руб. - 6 500 руб.
2024-06-05,Sunlight,0.49,3914.0,БК ПОДВЕС ДЕКОР,7988.0,"Цены ниже! Ещё -20%, код: НОЧЬ до 11:00",https://sunlight.net/catalog/pendants_181576.html,7 000 руб. - 8 000 руб.
2024-06-05,Sunlight,0.64,5052.0,БК ПОДВЕС ДЕКОР,7894.0,"Цены ниже! Ещё -15%, код: НОЧЬ до 11:00",https://sunlight.net/catalog/pendants_181580.html,7 000 руб. - 8 000 руб.
2024-06-05,Sunlight,4.51,29551.0,БК КОЛЬЦА,6552.0,"Цены ниже! Ещё -20%, код: НОЧЬ до 11:00",https://sunlight.net/catalog/ring_991873.html,6 500 руб. - 7 000 руб.
2024-06-05,Sunlight,4.93,34611.0,БК КОЛЬЦА,7020.0,"Цены ниже! Ещё -15%, код: НОЧЬ до 11:00",https://sunlight.net/catalog/ring_990999.html,7 000 руб. - 8 000 руб.
2024-06-05,Sunlight,5.52,47594.0,БК СЕРЬГИ,8622.0,"Цены ниже! Ещё -20%, код: НОЧЬ до 11:00",https://sunlight.net/catalog/earring_179821.html,8 000 руб. - 9 000 руб.
2024-06-05,Sunlight,0.82,6242.0,БК ПОДВЕС КУЛЬТ,7612.0,"Цены ниже! Ещё -15%, код: НОЧЬ до 11:00",https://sunlight.net/catalog/pendants_346357.html,7 000 руб. - 8 000 руб.
2024-06-05,Sunlight,1.23,8782.0,БК КОЛЬЦА,7140.0,"Цены ниже! Ещё -15%, код: НОЧЬ до 11:00",https://sunlight.net/catalog/ring_181800.html,7 000 руб. - 8 000 руб.
2024-06-05,Sunlight,0.44,3267.0,БК СЕРЬГИ,7425.0,"Цены ниже! Ещё -15%, код: НОЧЬ до 11:00",https://sunlight.net/catalog/piercing_349322.html,7 000 руб. - 8 000 руб.
2024-06-05,Sunlight,1.24,9514.0,БК ПОДВЕС ДЕКОР,7673.0,"Цены ниже! Ещё -15%, код: НОЧЬ до 11:00",https://sunlight.net/catalog/pendants_180751.html,7 000 руб. - 8 000 руб.
2024-06-05,Sunlight,2.53,15744.0,БК ПОДВЕС КУЛЬТ,6223.0,"Цены ниже! Ещё -10%, код: НОЧЬ до 11:00",https://sunlight.net/catalog/pendants_179563.html,6 000 руб. - 6 500 руб.
2024-06-05,Sunlight,2.48,15114.0,БК СЕРЬГИ,6094.0,"Цены ниже! Ещё -10%, код: НОЧЬ до 11:00",https://sunlight.net/catalog/earring_349279.html,6 000 руб. - 6 500 руб.
2024-06-05,Sunlight,4.93,33404.0,БК КОЛЬЦА,6776.0,"Цены ниже! Ещё -20%, код: НОЧЬ до 11:00",https://sunlight.net/catalog/ring_185373.html,6 500 руб. - 7 000 руб.
2024-06-05,Sunlight,1.22,9145.0,БК КОЛЬЦА,7496.0,"Цены ниже! Ещё -15%, код: НОЧЬ до 11:00",https://sunlight.net/catalog/ring_182241.html,7 000 руб. - 8 000 руб.
2024-06-05,Sunlight,4.59,38074.0,БК ПОДВЕС ДЕКОР,8295.0,"Цены ниже! Ещё -20%, код: НОЧЬ до 11:00",https://sunlight.net/catalog/pendants_177447.html,8 000 руб. - 9 000 руб.
2024-06-05,Sunlight,2.81,21274.0,БК ПОДВЕС ДЕКОР,7571.0,"Цены ниже! Ещё -20%, код: НОЧЬ до 11:00",https://sunlight.net/catalog/pendants_991880.html,7 000 руб. - 8 000 руб.
2024-06-05,Sunlight,2.27,14484.0,БК СЕРЬГИ,6381.0,"Цены ниже! Ещё -10%, код: НОЧЬ до 11:00",https://sunlight.net/catalog/earring_984626.html,6 000 руб. - 6 500 руб.
2024-06-05,Sunlight,2.43,19594.0,БК ПОДВЕС ДЕКОР,8063.0,"Цены ниже! Ещё -20%, код: НОЧЬ до 11:00",https://sunlight.net/catalog/pendants_366982.html,8 000 руб. - 9 000 руб.
2024-06-05,Sunlight,5.17,38074.0,БК ПОДВЕС ДЕКОР,7364.0,"Цены ниже! Ещё -20%, код: НОЧЬ до 11:00",https://sunlight.net/catalog/pendants_358983.html,7 000 руб. - 8 000 руб.
2024-06-05,Sunlight,1.33,10074.0,БК СЕРЬГИ,7574.0,"Цены ниже! Ещё -10%, код: НОЧЬ до 11:00",https://sunlight.net/catalog/earring_186613.html,7 000 руб. - 8 000 руб.
2024-06-05,Sunlight,3.2,23794.0,БК СЕРЬГИ,7436.0,"Цены ниже! Ещё -15%, код: НОЧЬ до 11:00",https://sunlight.net/catalog/earring_997017.html,7 000 руб. - 8 000 руб.
2024-06-05,Sunlight,2.89,22009.0,БК СЕРЬГИ,7616.0,"Цены ниже! Ещё -15%, код: НОЧЬ до 11:00",https://sunlight.net/catalog/earring_349864.html,7 000 руб. - 8 000 руб.
2024-06-05,Sunlight,4.88,36534.0,БК СЕРЬГИ,7486.0,"Цены ниже! Ещё -10%, код: НОЧЬ до 11:00",https://sunlight.net/catalog/earring_354833.html,7 000 руб. - 8 000 руб.
2024-06-05,Sunlight,0.42,3634.0,БК ПОДВЕС ДЕКОР,8652.0,"Цены ниже! Ещё -20%, код: НОЧЬ до 11:00",https://sunlight.net/catalog/pendants_366997.html,8 000 руб. - 9 000 руб.
2024-06-05,Sunlight,2.24,17844.0,БК СЕРЬГИ,7966.0,"Цены ниже! Ещё -15%, код: НОЧЬ до 11:00",https://sunlight.net/catalog/earring_181243.html,7 000 руб. - 8 000 руб.
2024-06-05,Sunlight,2.11,15464.0,БК ПОДВЕС КУЛЬТ,7329.0,"Цены ниже! Ещё -15%, код: НОЧЬ до 11:00",https://sunlight.net/catalog/pendants_179558.html,7 000 руб. - 8 000 руб.
2024-06-05,Sunlight,4.15,32754.0,БК СЕРЬГИ,7893.0,"Цены ниже! Ещё -10%, код: НОЧЬ до 11:00",https://sunlight.net/catalog/earring_989038.html,7 000 руб. - 8 000 руб.
2024-06-05,Sunlight,5.57,47594.0,БК СЕРЬГИ,8545.0,"Цены ниже! Ещё -20%, код: НОЧЬ до 11:00",https://sunlight.net/catalog/earring_179815.html,8 000 руб. - 9 000 руб.
2024-06-05,Sunlight,3.34,29604.0,БК ПОДВЕС ДЕКОР,8863.0,"Цены ниже! Ещё -10%, код: НОЧЬ до 11:00",https://sunlight.net/catalog/pendants_995912.html,8 000 руб. - 9 000 руб.
2024-06-05,Sunlight,2.37,13589.0,БК КОЛЬЦА,5734.0,"Цены ниже! Ещё -10%, код: НОЧЬ до 11:00",https://sunlight.net/catalog/ring_991963.html,5 500 руб. - 6 000 руб.
2024-06-05,Sunlight,1.93,13780.0,БК КОЛЬЦА,7140.0,"Цены ниже! Ещё -15%, код: НОЧЬ до 11:00",https://sunlight.net/catalog/ring_181812.html,7 000 руб. - 8 000 руб.
2024-06-05,Sunlight,0.67,4089.0,БК ПОДВЕС ДЕКОР,6103.0,"Цены ниже! Ещё -10%, код: НОЧЬ до 11:00",https://sunlight.net/catalog/pendants_179581.html,6 000 руб. - 6 500 руб.
2024-06-05,Sunlight,9.59,61594.0,БК ПОДВЕС ДЕКОР,6423.0,"Цены ниже! Ещё -20%, код: НОЧЬ до 11:00",https://sunlight.net/catalog/pendants_996988.html,6 000 руб. - 6 500 руб.
2024-06-05,Sunlight,1.07,7554.0,БК ПОДВЕС КУЛЬТ,7060.0,"Цены ниже! Ещё -20%, код: НОЧЬ до 11:00",https://sunlight.net/catalog/pendants_185993.html,7 000 руб. - 8 000 руб.
2024-06-05,Sunlight,0.92,7729.0,БК ПОДВЕС ДЕКОР,8401.0,"Цены ниже! Ещё -15%, код: НОЧЬ до 11:00",https://sunlight.net/catalog/pendants_181848.html,8 000 руб. - 9 000 руб.
2024-06-05,Sunlight,2.11,16059.0,БК ПОДВЕС ДЕКОР,7611.0,"Цены ниже! Ещё -15%, код: НОЧЬ до 11:00",https://sunlight.net/catalog/pendants_179577.html,7 000 руб. - 8 000 руб.
2024-06-05,Sunlight,4.66,40314.0,БК ПОДВЕС ДЕКОР,8651.0,"Цены ниже! Ещё -20%, код: НОЧЬ до 11:00",https://sunlight.net/catalog/pendants_177446.html,8 000 руб. - 9 000 руб.
2024-06-05,Sunlight,1.68,10704.0,БК ПОДВЕС КУЛЬТ,6371.0,"Цены ниже! Ещё -15%, код: НОЧЬ до 11:00",https://sunlight.net/catalog/pendants_185994.html,6 000 руб. - 6 500 руб.
2024-06-05,Sunlight,1.13,9793.0,БК ПОДВЕС КУЛЬТ,8666.0,нет скидочного купона,https://sunlight.net/catalog/pendants_185992.html,8 000 руб. - 9 000 руб.
2024-06-05,Sunlight,2.75,20154.0,БК ПОДВЕС ДЕКОР,7329.0,"Цены ниже! Ещё -20%, код: НОЧЬ до 11:00",https://sunlight.net/catalog/pendants_179589.html,7 000 руб. - 8 000 руб.
2024-06-05,Sunlight,3.62,27352.0,БК КОЛЬЦА,7556.0,"Цены ниже! Ещё -15%, код: НОЧЬ до 11:00",https://sunlight.net/catalog/ring_185459.html,7 000 руб. - 8 000 руб.
2024-06-05,Sunlight,1.92,13186.0,БК КОЛЬЦА,6868.0,"Цены ниже! Ещё -10%, код: НОЧЬ до 11:00",https://sunlight.net/catalog/ring_183453.html,6 500 руб. - 7 000 руб.
2024-06-05,Sunlight,2.24,15674.0,БК СЕРЬГИ,6997.0,"Цены ниже! Ещё -20%, код: НОЧЬ до 11:00",https://sunlight.net/catalog/earring_167134.html,6 500 руб. - 7 000 руб.
2024-06-05,Sunlight,2.22,13224.0,БК ПОДВЕС ДЕКОР,5957.0,"Цены ниже! Ещё -10%, код: НОЧЬ до 11:00",https://sunlight.net/catalog/pendants_353495.html,5 500 руб. - 6 000 руб.
2024-06-05,Sunlight,3.08,24836.0,БК КОЛЬЦА,8064.0,"Цены ниже! Ещё -20%, код: НОЧЬ до 11:00",https://sunlight.net/catalog/ring_182243.html,8 000 руб. - 9 000 руб.
2024-06-05,Sunlight,1.13,8473.0,БК КОЛЬЦА,7498.0,"Цены ниже! Ещё -15%, код: НОЧЬ до 11:00",https://sunlight.net/catalog/ring_182245.html,7 000 руб. - 8 000 руб.
2024-06-05,Sunlight,0.65,4404.0,БК ПОДВЕС ДЕКОР,6775.0,"Цены ниже! Ещё -10%, код: НОЧЬ до 11:00",https://sunlight.net/catalog/pendants_181137.html,6 500 руб. - 7 000 руб.
2024-06-05,Sunlight,1.44,9853.0,БК КОЛЬЦА,6842.0,"Цены ниже! Ещё -15%, код: НОЧЬ до 11:00",https://sunlight.net/catalog/ring_182034.html,6 500 руб. - 7 000 руб.
2024-06-05,Sunlight,3.47,21426.0,БК КОЛЬЦА,6175.0,"Цены ниже! Ещё -10%, код: НОЧЬ до 11:00",https://sunlight.net/catalog/ring_181106.html,6 000 руб. - 6 500 руб.
2024-06-05,Sunlight,1.45,8814.0,БК ПОДВЕС ДЕКОР,6079.0,"Цены ниже! Ещё -10%, код: НОЧЬ до 11:00",https://sunlight.net/catalog/pendants_179827.html,6 000 руб. - 6 500 руб.
2024-06-05,Sunlight,0.2,1786.0,БК СЕРЬГИ,8930.0,"Цены ниже! Ещё -20%, код: НОЧЬ до 11:00",https://sunlight.net/catalog/piercing_346467.html,8 000 руб. - 9 000 руб.
2024-06-05,Sunlight,1.56,13993.0,БК ПОДВЕС КУЛЬТ,8970.0,нет скидочного купона,https://sunlight.net/catalog/pendants_185991.html,8 000 руб. - 9 000 руб.
2024-06-05,Sunlight,2.13,15674.0,БК СЕРЬГИ,7359.0,"Цены ниже! Ещё -20%, код: НОЧЬ до 11:00",https://sunlight.net/catalog/earring_182079.html,7 000 руб. - 8 000 руб.
2024-06-05,Sunlight,2.89,19096.0,БК КОЛЬЦА,6608.0,"Цены ниже! Ещё -20%, код: НОЧЬ до 11:00",https://sunlight.net/catalog/ring_346672.html,6 500 руб. - 7 000 руб.
2024-06-05,Sunlight,3.29,24859.0,БК КОЛЬЦА,7556.0,"Цены ниже! Ещё -15%, код: НОЧЬ до 11:00",https://sunlight.net/catalog/ring_185460.html,7 000 руб. - 8 000 руб.
2024-06-05,Sunlight,1.54,10537.0,БК КОЛЬЦА,6842.0,"Цены ниже! Ещё -15%, код: НОЧЬ до 11:00",https://sunlight.net/catalog/ring_181836.html,6 500 руб. - 7 000 руб.
2024-06-05,Sunlight,4.0,29114.0,БК ПОДВЕС КУЛЬТ,7278.0,"Цены ниже! Ещё -20%, код: НОЧЬ до 11:00",https://sunlight.net/catalog/pendants_173967.html,7 000 руб. - 8 000 руб.
2024-06-05,Sunlight,3.39,25824.0,БК СЕРЬГИ,7618.0,"Цены ниже! Ещё -10%, код: НОЧЬ до 11:00",https://sunlight.net/catalog/one_earring_358880.html,7 000 руб. - 8 000 руб.
2024-06-05,Sunlight,1.45,10704.0,БК СЕРЬГИ,7382.0,"Цены ниже! Ещё -15%, код: НОЧЬ до 11:00",https://sunlight.net/catalog/earring_182638.html,7 000 руб. - 8 000 руб.
2024-06-05,Sunlight,1.84,12751.0,БК КОЛЬЦА,6930.0,"Цены ниже! Ещё -10%, код: НОЧЬ до 11:00",https://sunlight.net/catalog/ring_181235.html,6 500 руб. - 7 000 руб.
2024-06-05,Sunlight,2.28,16374.0,БК СЕРЬГИ,7182.0,"Цены ниже! Ещё -10%, код: НОЧЬ до 11:00",https://sunlight.net/catalog/earring_994380.html,7 000 руб. - 8 000 руб.
2024-06-05,Sunlight,1.93,15114.0,БК СЕРЬГИ,7831.0,"Цены ниже! Ещё -10%, код: НОЧЬ до 11:00",https://sunlight.net/catalog/earring_185463.html,7 000 руб. - 8 000 руб.
2024-06-05,Sunlight,2.99,21834.0,БК СЕРЬГИ,7302.0,"Цены ниже! Ещё -20%, код: НОЧЬ до 11:00",https://sunlight.net/catalog/earring_992226.html,7 000 руб. - 8 000 руб.
2024-06-05,Sunlight,1.16,8628.0,БК КОЛЬЦА,7438.0,"Цены ниже! Ещё -15%, код: НОЧЬ до 11:00",https://sunlight.net/catalog/ring_984179.html,7 000 руб. - 8 000 руб.
2024-06-05,Sunlight,2.41,18894.0,БК СЕРЬГИ,7840.0,"Цены ниже! Ещё -10%, код: НОЧЬ до 11:00",https://sunlight.net/catalog/earring_185370.html,7 000 руб. - 8 000 руб.
2024-06-05,Sunlight,2.68,21414.0,БК СЕРЬГИ,7990.0,"Цены ниже! Ещё -10%, код: НОЧЬ до 11:00",https://sunlight.net/catalog/earring_185361.html,7 000 руб. - 8 000 руб.
2024-06-05,Sunlight,1.94,14274.0,БК СЕРЬГИ,7358.0,"Цены ниже! Ещё -15%, код: НОЧЬ до 11:00",https://sunlight.net/catalog/earring_181823.html,7 000 руб. - 8 000 руб.
2024-06-05,Sunlight,2.25,13224.0,БК ПОДВЕС ДЕКОР,5877.0,"Цены ниже! Ещё -10%, код: НОЧЬ до 11:00",https://sunlight.net/catalog/pendants_179605.html,5 500 руб. - 6 000 руб.
2024-06-05,Sunlight,3.46,36393.0,БК СЕРЬГИ,10518.0,нет скидочного купона,https://sunlight.net/catalog/earring_177107.html,свыше 10 000 руб.
2024-06-05,Sunlight,2.77,25824.0,БК ПОДВЕС ДЕКОР,9323.0,"Цены ниже! Ещё -10%, код: НОЧЬ до 11:00",https://sunlight.net/catalog/pendants_358915.html,9 000 руб. - 10 000 руб.
2024-06-05,Sunlight,2.89,26580.0,БК КОЛЬЦА,9197.0,"Цены ниже! Ещё -10%, код: НОЧЬ до 11:00",https://sunlight.net/catalog/ring_358914.html,9 000 руб. - 10 000 руб.
2024-06-05,Sunlight,2.19,13224.0,БК СЕРЬГИ,6038.0,"Цены ниже! Ещё -10%, код: НОЧЬ до 11:00",https://sunlight.net/catalog/earring_349355.html,6 000 руб. - 6 500 руб.
2024-06-05,Sunlight,2.39,20784.0,БК СЕРЬГИ,8696.0,"Цены ниже! Ещё -10%, код: НОЧЬ до 11:00",https://sunlight.net/catalog/earring_185360.html,8 000 руб. - 9 000 руб.
2024-06-05,Sunlight,1.58,12594.0,БК СЕРЬГИ,7971.0,"Цены ниже! Ещё -10%, код: НОЧЬ до 11:00",https://sunlight.net/catalog/earring_183248.html,7 000 руб. - 8 000 руб.
2024-06-05,Sunlight,1.77,10704.0,БК ПОДВЕС ДЕКОР,6047.0,"Цены ниже! Ещё -10%, код: НОЧЬ до 11:00",https://sunlight.net/catalog/pendants_179829.html,6 000 руб. - 6 500 руб.
2024-06-05,Sunlight,1.48,9514.0,БК ПОДВЕС ДЕКОР,6428.0,"Цены ниже! Ещё -20%, код: НОЧЬ до 11:00",https://sunlight.net/catalog/pendants_357285.html,6 000 руб. - 6 500 руб.
2024-06-05,Sunlight,1.6,10704.0,БК ПОДВЕС ДЕКОР,6690.0,"Цены ниже! Ещё -10%, код: НОЧЬ до 11:00",https://sunlight.net/catalog/pendants_354328.html,6 500 руб. - 7 000 руб.
2024-06-05,Sunlight,1.64,10704.0,БК ПОДВЕС ДЕКОР,6527.0,"Цены ниже! Ещё -10%, код: НОЧЬ до 11:00",https://sunlight.net/catalog/pendants_354322.html,6 500 руб. - 7 000 руб.
2024-06-05,Sunlight,3.89,28703.0,БК КОЛЬЦА,7379.0,"Цены ниже! Ещё -15%, код: НОЧЬ до 11:00",https://sunlight.net/catalog/ring_993594.html,7 000 руб. - 8 000 руб.
2024-06-05,Sunlight,1.96,13828.0,БК КОЛЬЦА,7055.0,"Цены ниже! Ещё -10%, код: НОЧЬ до 11:00",https://sunlight.net/catalog/ring_183641.html,7 000 руб. - 8 000 руб.
2024-06-05,Sunlight,1.71,12209.0,БК КОЛЬЦА,7140.0,"Цены ниже! Ещё -15%, код: НОЧЬ до 11:00",https://sunlight.net/catalog/ring_182319.html,7 000 руб. - 8 000 руб.
2024-06-05,Sunlight,2.24,16059.0,БК СЕРЬГИ,7169.0,"Цены ниже! Ещё -15%, код: НОЧЬ до 11:00",https://sunlight.net/catalog/earring_181811.html,7 000 руб. - 8 000 руб.
2024-06-05,Sunlight,3.73,30864.0,БК СЕРЬГИ,8275.0,"Цены ниже! Ещё -10%, код: НОЧЬ до 11:00",https://sunlight.net/catalog/earring_174960.html,8 000 руб. - 9 000 руб.
2024-06-05,Sunlight,1.87,15114.0,БК СЕРЬГИ,8082.0,"Цены ниже! Ещё -10%, код: НОЧЬ до 11:00",https://sunlight.net/catalog/earring_366967.html,8 000 руб. - 9 000 руб.
2024-06-05,Sunlight,3.3,18711.0,БК КОЛЬЦА,5670.0,"Цены ниже! Ещё -10%, код: НОЧЬ до 11:00",https://sunlight.net/catalog/ring_357341.html,5 500 руб. - 6 000 руб.
2024-06-05,Sunlight,4.35,30234.0,БК СЕРЬГИ,6950.0,"Цены ниже! Ещё -10%, код: НОЧЬ до 11:00",https://sunlight.net/catalog/earring_993691.html,6 500 руб. - 7 000 руб.
2024-06-05,Sunlight,6.37,44619.0,БК СЕРЬГИ,7005.0,"Цены ниже! Ещё -15%, код: НОЧЬ до 11:00",https://sunlight.net/catalog/earring_989043.html,7 000 руб. - 8 000 руб.
2024-06-05,Sunlight,3.47,24157.0,БК КОЛЬЦА,6962.0,"Цены ниже! Ещё -15%, код: НОЧЬ до 11:00",https://sunlight.net/catalog/ring_340370.html,6 500 руб. - 7 000 руб.
2024-06-05,Sunlight,1.49,10704.0,БК ПОДВЕС ДЕКОР,7184.0,"Цены ниже! Ещё -10%, код: НОЧЬ до 11:00",https://sunlight.net/catalog/pendants_182352.html,7 000 руб. - 8 000 руб.
2024-06-05,Sunlight,2.62,17004.0,БК ПОДВЕС КУЛЬТ,6490.0,"Цены ниже! Ещё -10%, код: НОЧЬ до 11:00",https://sunlight.net/catalog/pendants_179562.html,6 000 руб. - 6 500 руб.
2024-06-05,Sunlight,4.94,54593.0,БК КОЛЬЦА,11051.0,нет скидочного купона,https://sunlight.net/catalog/ring_177105.html,свыше 10 000 руб.
2024-06-05,Sunlight,4.7,35795.0,БК КОЛЬЦА,7616.0,"Цены ниже! Ещё -15%, код: НОЧЬ до 11:00",https://sunlight.net/catalog/ring_992034.html,7 000 руб. - 8 000 руб.
2024-06-05,Sunlight,2.09,13434.0,БК ПОДВЕС ДЕКОР,6428.0,"Цены ниже! Ещё -20%, код: НОЧЬ до 11:00",https://sunlight.net/catalog/pendants_309131.html,6 000 руб. - 6 500 руб.
2024-06-05,Sunlight,3.08,20009.0,БК КОЛЬЦА,6496.0,"Цены ниже! Ещё -20%, код: НОЧЬ до 11:00",https://sunlight.net/catalog/ring_309126.html,6 000 руб. - 6 500 руб.
2024-06-05,Sunlight,2.55,18264.0,БК СЕРЬГИ,7162.0,"Цены ниже! Ещё -10%, код: НОЧЬ до 11:00",https://sunlight.net/catalog/earring_309092.html,7 000 руб. - 8 000 руб.
2024-06-05,Sunlight,3.28,23934.0,БК СЕРЬГИ,7297.0,"Цены ниже! Ещё -10%, код: НОЧЬ до 11:00",https://sunlight.net/catalog/earring_185380.html,7 000 руб. - 8 000 руб.
2024-06-05,Sunlight,1.28,7729.0,БК СЕРЬГИ,6038.0,"Цены ниже! Ещё -15%, код: НОЧЬ до 11:00",https://sunlight.net/catalog/earring_181210.html,6 000 руб. - 6 500 руб.
2024-06-05,Sunlight,0.82,6154.0,БК ПОДВЕС ДЕКОР,7505.0,"Цены ниже! Ещё -20%, код: НОЧЬ до 11:00",https://sunlight.net/catalog/pendants_179568.html,7 000 руб. - 8 000 руб.
2024-06-05,Sunlight,2.26,16657.0,БК КОЛЬЦА,7370.0,"Цены ниже! Ещё -10%, код: НОЧЬ до 11:00",https://sunlight.net/catalog/ring_989019.html,7 000 руб. - 8 000 руб.
2024-06-05,Sunlight,2.26,16000.0,БК КОЛЬЦА,7080.0,"Цены ниже! Ещё -15%, код: НОЧЬ до 11:00",https://sunlight.net/catalog/ring_309091.html,7 000 руб. - 8 000 руб.
2024-06-05,Sunlight,3.51,21274.0,БК СЕРЬГИ,6061.0,"Цены ниже! Ещё -20%, код: НОЧЬ до 11:00",https://sunlight.net/catalog/earring_309090.html,6 000 руб. - 6 500 руб.
2024-06-05,Sunlight,3.15,20784.0,БК ПОДВЕС КУЛЬТ,6598.0,"Цены ниже! Ещё -10%, код: НОЧЬ до 11:00",https://sunlight.net/catalog/pendants_185996.html,6 500 руб. - 7 000 руб.
2024-06-05,Sunlight,1.52,11299.0,БК СЕРЬГИ,7434.0,"Цены ниже! Ещё -15%, код: НОЧЬ до 11:00",https://sunlight.net/catalog/earring_184023.html,7 000 руб. - 8 000 руб.
2024-06-05,Sunlight,1.01,7869.0,БК СЕРЬГИ,7791.0,"Цены ниже! Ещё -10%, код: НОЧЬ до 11:00",https://sunlight.net/catalog/one_earring_183242.html,7 000 руб. - 8 000 руб.
2024-06-05,Sunlight,1.12,8027.0,БК ПОДВЕС ДЕКОР,7167.0,"Цены ниже! Ещё -15%, код: НОЧЬ до 11:00",https://sunlight.net/catalog/pendants_182357.html,7 000 руб. - 8 000 руб.
2024-06-05,Sunlight,2.44,17004.0,БК ПОДВЕС ДЕКОР,6969.0,"Цены ниже! Ещё -10%, код: НОЧЬ до 11:00",https://sunlight.net/catalog/pendants_177246.html,6 500 руб. - 7 000 руб.
2024-06-05,Sunlight,5.32,54593.0,БК СЕРЬГИ,10262.0,нет скидочного купона,https://sunlight.net/catalog/earring_177210.html,свыше 10 000 руб.
2024-06-05,Sunlight,5.78,35324.0,БК КОЛЬЦА,6111.0,"Цены ниже! Ещё -10%, код: НОЧЬ до 11:00",https://sunlight.net/catalog/ring_992219.html,6 000 руб. - 6 500 руб.
2024-06-05,Sunlight,1.93,12314.0,БК ПОДВЕС ДЕКОР,6380.0,"Цены ниже! Ещё -20%, код: НОЧЬ до 11:00",https://sunlight.net/catalog/pendants_309132.html,6 000 руб. - 6 500 руб.
2024-06-05,Sunlight,3.82,30339.0,БК СЕРЬГИ,7942.0,"Цены ниже! Ещё -15%, код: НОЧЬ до 11:00",https://sunlight.net/catalog/earring_185464.html,7 000 руб. - 8 000 руб.
2024-06-05,Sunlight,1.84,13854.0,БК СЕРЬГИ,7529.0,"Цены ниже! Ещё -10%, код: НОЧЬ до 11:00",https://sunlight.net/catalog/earring_183241.html,7 000 руб. - 8 000 руб.
2024-06-05,Sunlight,1.63,10074.0,БК ПОДВЕС ДЕКОР,6180.0,"Цены ниже! Ещё -10%, код: НОЧЬ до 11:00",https://sunlight.net/catalog/pendants_179828.html,6 000 руб. - 6 500 руб.
2024-06-05,Sunlight,0.94,5979.0,БК ПОДВЕС ДЕКОР,6361.0,"Цены ниже! Ещё -10%, код: НОЧЬ до 11:00",https://sunlight.net/catalog/pendants_179564.html,6 000 руб. - 6 500 руб.
2024-06-05,Sunlight,1.68,10704.0,БК ПОДВЕС КУЛЬТ,6371.0,"Цены ниже! Ещё -10%, код: НОЧЬ до 11:00",https://sunlight.net/catalog/pendants_179553.html,6 000 руб. - 6 500 руб.
2024-06-05,Sunlight,3.02,27714.0,БК СЕРЬГИ,9177.0,"Цены ниже! Ещё -10%, код: НОЧЬ до 11:00",https://sunlight.net/catalog/earring_353773.html,9 000 руб. - 10 000 руб.
2024-06-05,Sunlight,3.06,21414.0,БК ПОДВЕС ДЕКОР,6998.0,"Цены ниже! Ещё -15%, код: НОЧЬ до 11:00",https://sunlight.net/catalog/pendants_309129.html,6 500 руб. - 7 000 руб.
2024-06-05,Sunlight,1.97,13084.0,БК ПОДВЕС КУЛЬТ,6642.0,"Цены ниже! Ещё -15%, код: НОЧЬ до 11:00",https://sunlight.net/catalog/pendants_185995.html,6 500 руб. - 7 000 руб.
2024-06-05,Sunlight,1.01,7869.0,БК СЕРЬГИ,7791.0,"Цены ниже! Ещё -10%, код: НОЧЬ до 11:00",https://sunlight.net/catalog/one_earring_183243.html,7 000 руб. - 8 000 руб.
2024-06-05,Sunlight,2.22,12587.0,БК КОЛЬЦА,5670.0,"Цены ниже! Ещё -10%, код: НОЧЬ до 11:00",https://sunlight.net/catalog/ring_182351.html,5 500 руб. - 6 000 руб.
2024-06-05,Sunlight,3.29,21274.0,БК СЕРЬГИ,6466.0,"Цены ниже! Ещё -20%, код: НОЧЬ до 11:00",https://sunlight.net/catalog/earring_357344.html,6 000 руб. - 6 500 руб.
2024-06-05,Sunlight,3.23,19533.0,БК КОЛЬЦА,6047.0,"Цены ниже! Ещё -20%, код: НОЧЬ до 11:00",https://sunlight.net/catalog/ring_357342.html,6 000 руб. - 6 500 руб.
2024-06-05,Sunlight,2.57,14274.0,БК СЕРЬГИ,5554.0,"Цены ниже! Ещё -15%, код: НОЧЬ до 11:00",https://sunlight.net/catalog/earring_984092.html,5 500 руб. - 6 000 руб.
2024-06-05,Sunlight,1.81,11194.0,БК ПОДВЕС ДЕКОР,6185.0,"Цены ниже! Ещё -20%, код: НОЧЬ до 11:00",https://sunlight.net/catalog/pendants_183247.html,6 000 руб. - 6 500 руб.
2024-06-05,Sunlight,2.74,19034.0,БК СЕРЬГИ,6947.0,"Цены ниже! Ещё -20%, код: НОЧЬ до 11:00",https://sunlight.net/catalog/earring_181847.html,6 500 руб. - 7 000 руб.
2024-06-05,Sunlight,1.06,8027.0,БК СЕРЬГИ,7573.0,"Цены ниже! Ещё -15%, код: НОЧЬ до 11:00",https://sunlight.net/catalog/earring_181197.html,7 000 руб. - 8 000 руб.
2024-06-05,Sunlight,3.03,18264.0,БК СЕРЬГИ,6028.0,"Цены ниже! Ещё -10%, код: НОЧЬ до 11:00",https://sunlight.net/catalog/earring_357343.html,6 000 руб. - 6 500 руб.
2024-06-05,Sunlight,3.24,24494.0,БК КОЛЬЦА,7560.0,"Цены ниже! Ещё -10%, код: НОЧЬ до 11:00",https://sunlight.net/catalog/ring_989028.html,7 000 руб. - 8 000 руб.
2024-06-05,Sunlight,3.59,23514.0,БК СЕРЬГИ,6550.0,"Цены ниже! Ещё -20%, код: НОЧЬ до 11:00",https://sunlight.net/catalog/earring_309099.html,6 500 руб. - 7 000 руб.
2024-06-05,Sunlight,1.19,8919.0,БК ПОДВЕС ДЕКОР,7495.0,"Цены ниже! Ещё -15%, код: НОЧЬ до 11:00",https://sunlight.net/catalog/pendants_182355.html,7 000 руб. - 8 000 руб.
2024-06-05,Sunlight,2.57,14893.0,БК КОЛЬЦА,5795.0,"Цены ниже! Ещё -10%, код: НОЧЬ до 11:00",https://sunlight.net/catalog/ring_182320.html,5 500 руб. - 6 000 руб.
2024-06-05,Sunlight,1.87,13798.0,БК КОЛЬЦА,7379.0,"Цены ниже! Ещё -15%, код: НОЧЬ до 11:00",https://sunlight.net/catalog/ring_983988.html,7 000 руб. - 8 000 руб.
2024-06-05,Sunlight,1.97,12874.0,БК СЕРЬГИ,6535.0,"Цены ниже! Ещё -20%, код: НОЧЬ до 11:00",https://sunlight.net/catalog/earring_184454.html,6 500 руб. - 7 000 руб.
2024-06-05,Sunlight,1.81,13854.0,БК ПОДВЕС ДЕКОР,7654.0,"Цены ниже! Ещё -10%, код: НОЧЬ до 11:00",https://sunlight.net/catalog/pendants_183245.html,7 000 руб. - 8 000 руб.
2024-06-05,Sunlight,1.88,11252.0,БК КОЛЬЦА,5985.0,"Цены ниже! Ещё -10%, код: НОЧЬ до 11:00",https://sunlight.net/catalog/ring_183200.html,5 500 руб. - 6 000 руб.
2024-06-05,Sunlight,0.73,5034.0,БК ПОДВЕС ДЕКОР,6896.0,"Цены ниже! Ещё -20%, код: НОЧЬ до 11:00",https://sunlight.net/catalog/pendants_182737.html,6 500 руб. - 7 000 руб.
2024-06-05,Sunlight,1.5,9444.0,БК ПОДВЕС КУЛЬТ,6296.0,"Цены ниже! Ещё -10%, код: НОЧЬ до 11:00",https://sunlight.net/catalog/pendants_179555.html,6 000 руб. - 6 500 руб.
2024-06-05,Sunlight,0.27,2388.0,БК СЕРЬГИ,8844.0,"Цены ниже! Ещё -10%, код: НОЧЬ до 11:00",https://sunlight.net/catalog/piercing_183249.html,8 000 руб. - 9 000 руб.
2024-06-05,Sunlight,3.27,24074.0,БК ПОДВЕС ДЕКОР,7362.0,"Цены ниже! Ещё -20%, код: НОЧЬ до 11:00",https://sunlight.net/catalog/pendants_357661.html,7 000 руб. - 8 000 руб.
2024-06-05,Sunlight,3.6,28974.0,БК СЕРЬГИ,8048.0,"Цены ниже! Ещё -10%, код: НОЧЬ до 11:00",https://sunlight.net/catalog/earring_309128.html,8 000 руб. - 9 000 руб.
2024-06-05,Sunlight,2.1,14994.0,БК КОЛЬЦА,7140.0,"Цены ниже! Ещё -15%, код: НОЧЬ до 11:00",https://sunlight.net/catalog/ring_309089.html,7 000 руб. - 8 000 руб.
2024-06-05,Sunlight,3.29,25288.0,БК КОЛЬЦА,7686.0,"Цены ниже! Ещё -10%, код: НОЧЬ до 11:00",https://sunlight.net/catalog/ring_185461.html,7 000 руб. - 8 000 руб.
2024-06-05,Sunlight,2.37,18213.0,БК КОЛЬЦА,7685.0,"Цены ниже! Ещё -10%, код: НОЧЬ до 11:00",https://sunlight.net/catalog/ring_183199.html,7 000 руб. - 8 000 руб.
2024-06-05,Sunlight,3.09,23199.0,БК СЕРЬГИ,7508.0,"Цены ниже! Ещё -15%, код: НОЧЬ до 11:00",https://sunlight.net/catalog/earring_984095.html,7 000 руб. - 8 000 руб.
2024-06-05,Sunlight,3.76,22044.0,БК СЕРЬГИ,5863.0,"Цены ниже! Ещё -10%, код: НОЧЬ до 11:00",https://sunlight.net/catalog/earring_988191.html,5 500 руб. - 6 000 руб.
2024-06-05,Sunlight,1.62,12594.0,БК СЕРЬГИ,7774.0,"Цены ниже! Ещё -10%, код: НОЧЬ до 11:00",https://sunlight.net/catalog/earring_335853.html,7 000 руб. - 8 000 руб.
2024-06-05,Sunlight,7.37,46404.0,БК ПОДВЕС ДЕКОР,6296.0,"Цены ниже! Ещё -15%, код: НОЧЬ до 11:00",https://sunlight.net/catalog/pendants_179832.html,6 000 руб. - 6 500 руб.
2024-06-05,Sunlight,2.68,17558.0,БК КОЛЬЦА,6551.0,"Цены ниже! Ещё -10%, код: НОЧЬ до 11:00",https://sunlight.net/catalog/ring_995630.html,6 500 руб. - 7 000 руб.
2024-06-05,Sunlight,2.08,16059.0,БК СЕРЬГИ,7721.0,"Цены ниже! Ещё -15%, код: НОЧЬ до 11:00",https://sunlight.net/catalog/earring_183640.html,7 000 руб. - 8 000 руб.
2024-06-05,Sunlight,1.26,7794.0,БК КОЛЬЦА,6186.0,"Цены ниже! Ещё -15%, код: НОЧЬ до 11:00",https://sunlight.net/catalog/ring_183201.html,6 000 руб. - 6 500 руб.
2024-06-05,Sunlight,2.4,21414.0,БК ПОДВЕС ДЕКОР,8922.0,"Цены ниже! Ещё -10%, код: НОЧЬ до 11:00",https://sunlight.net/catalog/pendants_182209.html,8 000 руб. - 9 000 руб.
2024-06-05,Sunlight,1.47,9444.0,БК ПОДВЕС ДЕКОР,6424.0,"Цены ниже! Ещё -10%, код: НОЧЬ до 11:00",https://sunlight.net/catalog/pendants_179831.html,6 000 руб. - 6 500 руб.
2024-06-05,Sunlight,1.13,7239.0,БК ПОДВЕС ДЕКОР,6406.0,"Цены ниже! Ещё -10%, код: НОЧЬ до 11:00",https://sunlight.net/catalog/pendants_179826.html,6 000 руб. - 6 500 руб.
2024-06-05,Sunlight,1.22,7869.0,БК ПОДВЕС ДЕКОР,6450.0,"Цены ниже! Ещё -10%, код: НОЧЬ до 11:00",https://sunlight.net/catalog/pendants_179824.html,6 000 руб. - 6 500 руб.
2024-06-05,Sunlight,11.0,69994.0,БК ПОДВЕС ДЕКОР,6363.0,"Цены ниже! Ещё -20%, код: НОЧЬ до 11:00",https://sunlight.net/catalog/pendants_179567.html,6 000 руб. - 6 500 руб.
2024-06-05,Sunlight,2.89,19583.0,БК КОЛЬЦА,6776.0,"Цены ниже! Ещё -20%, код: НОЧЬ до 11:00",https://sunlight.net/catalog/ring_346671.html,6 500 руб. - 7 000 руб.
2024-06-05,Sunlight,5.2,44619.0,БК СЕРЬГИ,8581.0,"Цены ниже! Ещё -15%, код: НОЧЬ до 11:00",https://sunlight.net/catalog/earring_179814.html,8 000 руб. - 9 000 руб.
2024-06-05,Sunlight,6.66,47594.0,БК СЕРЬГИ,7146.0,"Цены ниже! Ещё -15%, код: НОЧЬ до 11:00",https://sunlight.net/catalog/earring_358440.html,7 000 руб. - 8 000 руб.
2024-06-05,Sunlight,3.22,28554.0,БК СЕРЬГИ,8868.0,"Цены ниже! Ещё -15%, код: НОЧЬ до 11:00",https://sunlight.net/catalog/earring_182211.html,8 000 руб. - 9 000 руб.
2024-06-05,Sunlight,3.96,21956.0,БК КОЛЬЦА,5544.0,"Цены ниже! Ещё -10%, код: НОЧЬ до 11:00",https://sunlight.net/catalog/ring_993593.html,5 500 руб. - 6 000 руб.
2024-06-05,Sunlight,1.14,6609.0,БК СЕРЬГИ,5797.0,"Цены ниже! Ещё -10%, код: НОЧЬ до 11:00",https://sunlight.net/catalog/earring_346317.html,5 500 руб. - 6 000 руб.
2024-06-05,Sunlight,0.72,4089.0,БК ПОДВЕС КУЛЬТ,5679.0,"Цены ниже! Ещё -10%, код: НОЧЬ до 11:00",https://sunlight.net/catalog/pendants_179550.html,5 500 руб. - 6 000 руб.
2024-06-05,Sunlight,3.02,27714.0,БК СЕРЬГИ,9177.0,"Цены ниже! Ещё -10%, код: НОЧЬ до 11:00",https://sunlight.net/catalog/earring_358917.html,9 000 руб. - 10 000 руб.
2024-06-05,Sunlight,1.88,12594.0,БК ПОДВЕС ДЕКОР,6699.0,"Цены ниже! Ещё -10%, код: НОЧЬ до 11:00",https://sunlight.net/catalog/pendants_354327.html,6 500 руб. - 7 000 руб.
2024-06-05,Sunlight,3.94,28545.0,БК КОЛЬЦА,7245.0,"Цены ниже! Ещё -10%, код: НОЧЬ до 11:00",https://sunlight.net/catalog/ring_991003.html,7 000 руб. - 8 000 руб.
2024-06-05,Sunlight,1.74,12874.0,БК СЕРЬГИ,7399.0,"Цены ниже! Ещё -20%, код: НОЧЬ до 11:00",https://sunlight.net/catalog/earring_184028.html,7 000 руб. - 8 000 руб.
2024-06-05,Sunlight,2.21,13679.0,БК СЕРЬГИ,6190.0,"Цены ниже! Ещё -15%, код: НОЧЬ до 11:00",https://sunlight.net/catalog/earring_183452.html,6 000 руб. - 6 500 руб.
2024-06-05,Sunlight,1.24,8814.0,БК СЕРЬГИ,7108.0,"Цены ниже! Ещё -10%, код: НОЧЬ до 11:00",https://sunlight.net/catalog/earring_181138.html,7 000 руб. - 8 000 руб.
2024-06-05,Sunlight,1.64,11754.0,БК ПОДВЕС КУЛЬТ,7167.0,"Цены ниже! Ещё -20%, код: НОЧЬ до 11:00",https://sunlight.net/catalog/pendants_179551.html,7 000 руб. - 8 000 руб.
2024-06-05,Sunlight,0.23,2255.0,БК СЕРЬГИ,9804.0,"Цены ниже! Ещё -15%, код: НОЧЬ до 11:00",https://sunlight.net/catalog/piercing_183253.html,9 000 руб. - 10 000 руб.
2024-06-05,Sunlight,1.24,7239.0,БК СЕРЬГИ,5838.0,"Цены ниже! Ещё -10%, код: НОЧЬ до 11:00",https://sunlight.net/catalog/earring_993808.html,5 500 руб. - 6 000 руб.
2024-06-05,Sunlight,3.05,19034.0,БК СЕРЬГИ,6241.0,"Цены ниже! Ещё -15%, код: НОЧЬ до 11:00",https://sunlight.net/catalog/earring_309102.html,6 000 руб. - 6 500 руб.
2024-06-05,Sunlight,0.88,6242.0,БК ПОДВЕС ДЕКОР,7093.0,"Цены ниже! Ещё -15%, код: НОЧЬ до 11:00",https://sunlight.net/catalog/pendants_179583.html,7 000 руб. - 8 000 руб.
2024-06-05,Sunlight,5.69,35694.0,БК СЕРЬГИ,6273.0,"Цены ниже! Ещё -15%, код: НОЧЬ до 11:00",https://sunlight.net/catalog/earring_992212.html,6 000 руб. - 6 500 руб.
2024-06-05,Sunlight,4.48,33594.0,БК ПОДВЕС ДЕКОР,7499.0,"Цены ниже! Ещё -20%, код: НОЧЬ до 11:00",https://sunlight.net/catalog/pendants_186824.html,7 000 руб. - 8 000 руб.
2024-06-05,Sunlight,3.99,30794.0,БК ПОДВЕС КУЛЬТ,7718.0,"Цены ниже! Ещё -20%, код: НОЧЬ до 11:00",https://sunlight.net/catalog/pendants_183625.html,7 000 руб. - 8 000 руб.
2024-06-05,Sunlight,2.84,22009.0,БК СЕРЬГИ,7750.0,"Цены ниже! Ещё -15%, код: НОЧЬ до 11:00",https://sunlight.net/catalog/earring_168193.html,7 000 руб. - 8 000 руб.
2024-06-05,Sunlight,1.92,13822.0,БК КОЛЬЦА,7199.0,"Цены ниже! Ещё -15%, код: НОЧЬ до 11:00",https://sunlight.net/catalog/ring_181824.html,7 000 руб. - 8 000 руб.
2024-06-05,Sunlight,2.57,16374.0,БК ПОДВЕС КУЛЬТ,6371.0,"Цены ниже! Ещё -10%, код: НОЧЬ до 11:00",https://sunlight.net/catalog/pendants_179561.html,6 000 руб. - 6 500 руб.
2024-06-05,Sunlight,2.65,16374.0,БК ПОДВЕС КУЛЬТ,6179.0,"Цены ниже! Ещё -10%, код: НОЧЬ до 11:00",https://sunlight.net/catalog/pendants_179560.html,6 000 руб. - 6 500 руб.
2024-06-05,Sunlight,0.81,5647.0,БК ПОДВЕС ДЕКОР,6972.0,"Цены ниже! Ещё -15%, код: НОЧЬ до 11:00",https://sunlight.net/catalog/pendants_357117.html,6 500 руб. - 7 000 руб.
2024-06-05,Sunlight,3.3,27084.0,БК СЕРЬГИ,8207.0,"Цены ниже! Ещё -10%, код: НОЧЬ до 11:00",https://sunlight.net/catalog/earring_989020.html,8 000 руб. - 9 000 руб.
2024-06-05,Sunlight,6.81,44794.0,БК СЕРЬГИ,6578.0,"Цены ниже! Ещё -20%, код: НОЧЬ до 11:00",https://sunlight.net/catalog/earring_185378.html,6 500 руб. - 7 000 руб.
2024-06-05,Sunlight,5.17,32754.0,БК СЕРЬГИ,6335.0,"Цены ниже! Ещё -10%, код: НОЧЬ до 11:00",https://sunlight.net/catalog/earring_992216.html,6 000 руб. - 6 500 руб.
2024-06-05,Sunlight,3.7,27084.0,БК СЕРЬГИ,7320.0,"Цены ниже! Ещё -10%, код: НОЧЬ до 11:00",https://sunlight.net/catalog/earring_991974.html,7 000 руб. - 8 000 руб.
2024-06-05,Sunlight,4.04,29149.0,БК СЕРЬГИ,7215.0,"Цены ниже! Ещё -15%, код: НОЧЬ до 11:00",https://sunlight.net/catalog/earring_184021.html,7 000 руб. - 8 000 руб.
2024-06-05,Sunlight,1.47,10145.0,БК КОЛЬЦА,6901.0,"Цены ниже! Ещё -15%, код: НОЧЬ до 11:00",https://sunlight.net/catalog/ring_170996.html,6 500 руб. - 7 000 руб.
2024-06-05,Sunlight,0.88,7134.0,БК ПОДВЕС ДЕКОР,8107.0,"Цены ниже! Ещё -15%, код: НОЧЬ до 11:00",https://sunlight.net/catalog/pendants_359029.html,8 000 руб. - 9 000 руб.
2024-06-05,Sunlight,2.0,14554.0,БК ПОДВЕС ДЕКОР,7277.0,"Цены ниже! Ещё -20%, код: НОЧЬ до 11:00",https://sunlight.net/catalog/pendants_181133.html,7 000 руб. - 8 000 руб.
2024-06-05,Sunlight,2.03,12594.0,БК ПОДВЕС КУЛЬТ,6204.0,"Цены ниже! Ещё -10%, код: НОЧЬ до 11:00",https://sunlight.net/catalog/pendants_179557.html,6 000 руб. - 6 500 руб.
2024-06-05,Sunlight,1.8,15422.0,БК КОЛЬЦА,8568.0,"Цены ниже! Ещё -10%, код: НОЧЬ до 11:00",https://sunlight.net/catalog/ring_366971.html,8 000 руб. - 9 000 руб.
2024-06-05,Sunlight,7.35,54734.0,БК СЕРЬГИ,7447.0,"Цены ниже! Ещё -15%, код: НОЧЬ до 11:00",https://sunlight.net/catalog/earring_992221.html,7 000 руб. - 8 000 руб.
2024-06-05,Sunlight,1.3,11299.0,БК ПОДВЕС ДЕКОР,8692.0,"Цены ниже! Ещё -15%, код: НОЧЬ до 11:00",https://sunlight.net/catalog/pendants_354321.html,8 000 руб. - 9 000 руб.
2024-06-05,Sunlight,2.17,13679.0,БК СЕРЬГИ,6304.0,"Цены ниже! Ещё -15%, код: НОЧЬ до 11:00",https://sunlight.net/catalog/earring_183649.html,6 000 руб. - 6 500 руб.
2024-06-05,Sunlight,0.31,2794.0,БК СЕРЬГИ,9013.0,"Цены ниже! Ещё -20%, код: НОЧЬ до 11:00",https://sunlight.net/catalog/piercing_183252.html,9 000 руб. - 10 000 руб.
2024-06-05,Sunlight,3.41,25824.0,БК СЕРЬГИ,7573.0,"Цены ниже! Ещё -10%, код: НОЧЬ до 11:00",https://sunlight.net/catalog/earring_183229.html,7 000 руб. - 8 000 руб.
2024-06-05,Sunlight,2.68,19034.0,БК СЕРЬГИ,7102.0,"Цены ниже! Ещё -15%, код: НОЧЬ до 11:00",https://sunlight.net/catalog/earring_182347.html,7 000 руб. - 8 000 руб.
2024-06-05,Sunlight,0.81,5034.0,БК ПОДВЕС ДЕКОР,6215.0,"Цены ниже! Ещё -10%, код: НОЧЬ до 11:00",https://sunlight.net/catalog/pendants_181134.html,6 000 руб. - 6 500 руб.
2024-06-05,Sunlight,1.34,9514.0,БК СЕРЬГИ,7100.0,"Цены ниже! Ещё -15%, код: НОЧЬ до 11:00",https://sunlight.net/catalog/earring_180829.html,7 000 руб. - 8 000 руб.
2024-06-05,Sunlight,1.52,9444.0,БК ПОДВЕС ДЕКОР,6213.0,"Цены ниже! Ещё -10%, код: НОЧЬ до 11:00",https://sunlight.net/catalog/pendants_179580.html,6 000 руб. - 6 500 руб.
2024-06-05,Sunlight,8.76,69993.0,БК СЕРЬГИ,7990.0,нет скидочного купона,https://sunlight.net/catalog/earring_177216.html,7 000 руб. - 8 000 руб.
2024-06-05,Sunlight,1.77,13679.0,БК ПОДВЕС ДЕКОР,7728.0,"Цены ниже! Ещё -15%, код: НОЧЬ до 11:00",https://sunlight.net/catalog/pendants_989039.html,7 000 руб. - 8 000 руб.
2024-06-05,Sunlight,7.44,47594.0,БК СЕРЬГИ,6397.0,"Цены ниже! Ещё -20%, код: НОЧЬ до 11:00",https://sunlight.net/catalog/earring_185379.html,6 000 руб. - 6 500 руб.
2024-06-05,Sunlight,2.54,19524.0,БК СЕРЬГИ,7687.0,"Цены ниже! Ещё -10%, код: НОЧЬ до 11:00",https://sunlight.net/catalog/earring_183234.html,7 000 руб. - 8 000 руб.
2024-06-05,Sunlight,3.15,27084.0,БК СЕРЬГИ,8598.0,"Цены ниже! Ещё -10%, код: НОЧЬ до 11:00",https://sunlight.net/catalog/earring_183228.html,8 000 руб. - 9 000 руб.
2024-06-05,Sunlight,1.97,15464.0,БК СЕРЬГИ,7850.0,"Цены ниже! Ещё -15%, код: НОЧЬ до 11:00",https://sunlight.net/catalog/earring_183227.html,7 000 руб. - 8 000 руб.
2024-06-05,Sunlight,3.29,24859.0,БК КОЛЬЦА,7556.0,"Цены ниже! Ещё -15%, код: НОЧЬ до 11:00",https://sunlight.net/catalog/ring_183214.html,7 000 руб. - 8 000 руб.
2024-06-05,Sunlight,2.03,14962.0,БК КОЛЬЦА,7370.0,"Цены ниже! Ещё -10%, код: НОЧЬ до 11:00",https://sunlight.net/catalog/ring_183204.html,7 000 руб. - 8 000 руб.
2024-06-05,Sunlight,2.63,19629.0,БК СЕРЬГИ,7463.0,"Цены ниже! Ещё -15%, код: НОЧЬ до 11:00",https://sunlight.net/catalog/earring_182345.html,7 000 руб. - 8 000 руб.
2024-06-05,Sunlight,1.92,13854.0,БК СЕРЬГИ,7216.0,"Цены ниже! Ещё -10%, код: НОЧЬ до 11:00",https://sunlight.net/catalog/earring_182343.html,7 000 руб. - 8 000 руб.
2024-06-05,Sunlight,2.81,20819.0,БК СЕРЬГИ,7409.0,"Цены ниже! Ещё -15%, код: НОЧЬ до 11:00",https://sunlight.net/catalog/earring_182335.html,7 000 руб. - 8 000 руб.
2024-06-05,Sunlight,2.66,19629.0,БК СЕРЬГИ,7379.0,"Цены ниже! Ещё -15%, код: НОЧЬ до 11:00",https://sunlight.net/catalog/earring_182331.html,7 000 руб. - 8 000 руб.
2024-06-05,Sunlight,2.35,14484.0,БК СЕРЬГИ,6163.0,"Цены ниже! Ещё -10%, код: НОЧЬ до 11:00",https://sunlight.net/catalog/earring_356480.html,6 000 руб. - 6 500 руб.
2024-06-05,Sunlight,2.37,17844.0,БК СЕРЬГИ,7529.0,"Цены ниже! Ещё -15%, код: НОЧЬ до 11:00",https://sunlight.net/catalog/earring_997018.html,7 000 руб. - 8 000 руб.
2024-06-05,Sunlight,1.89,11299.0,БК СЕРЬГИ,5978.0,"Цены ниже! Ещё -15%, код: НОЧЬ до 11:00",https://sunlight.net/catalog/earring_345027.html,5 500 руб. - 6 000 руб.
2024-06-05,Sunlight,3.6,28974.0,БК СЕРЬГИ,8048.0,"Цены ниже! Ещё -10%, код: НОЧЬ до 11:00",https://sunlight.net/catalog/earring_185371.html,8 000 руб. - 9 000 руб.
2024-06-05,Sunlight,5.18,42834.0,БК СЕРЬГИ,8269.0,"Цены ниже! Ещё -10%, код: НОЧЬ до 11:00",https://sunlight.net/catalog/earring_185368.html,8 000 руб. - 9 000 руб.
2024-06-05,Sunlight,0.28,2493.0,БК СЕРЬГИ,8904.0,"Цены ниже! Ещё -15%, код: НОЧЬ до 11:00",https://sunlight.net/catalog/piercing_183250.html,8 000 руб. - 9 000 руб.
2024-06-05,Sunlight,1.94,16374.0,БК СЕРЬГИ,8440.0,"Цены ниже! Ещё -10%, код: НОЧЬ до 11:00",https://sunlight.net/catalog/earring_183235.html,8 000 руб. - 9 000 руб.
2024-06-05,Sunlight,1.85,13209.0,БК КОЛЬЦА,7140.0,"Цены ниже! Ещё -15%, код: НОЧЬ до 11:00",https://sunlight.net/catalog/ring_183213.html,7 000 руб. - 8 000 руб.
2024-06-05,Sunlight,2.29,13992.0,БК КОЛЬЦА,6110.0,"Цены ниже! Ещё -10%, код: НОЧЬ до 11:00",https://sunlight.net/catalog/ring_183206.html,6 000 руб. - 6 500 руб.
2024-06-05,Sunlight,1.23,8931.0,БК КОЛЬЦА,7261.0,"Цены ниже! Ещё -15%, код: НОЧЬ до 11:00",https://sunlight.net/catalog/ring_183202.html,7 000 руб. - 8 000 руб.
2024-06-05,Sunlight,2.78,19629.0,БК СЕРЬГИ,7061.0,"Цены ниже! Ещё -15%, код: НОЧЬ до 11:00",https://sunlight.net/catalog/earring_182344.html,7 000 руб. - 8 000 руб.
2024-06-05,Sunlight,2.78,20784.0,БК СЕРЬГИ,7476.0,"Цены ниже! Ещё -10%, код: НОЧЬ до 11:00",https://sunlight.net/catalog/earring_182329.html,7 000 руб. - 8 000 руб.
2024-06-05,Sunlight,3.67,24074.0,БК СЕРЬГИ,6560.0,"Цены ниже! Ещё -20%, код: НОЧЬ до 11:00",https://sunlight.net/catalog/earring_182328.html,6 500 руб. - 7 000 руб.
2024-06-05,Sunlight,3.39,24389.0,БК СЕРЬГИ,7194.0,"Цены ниже! Ещё -15%, код: НОЧЬ до 11:00",https://sunlight.net/catalog/earring_182327.html,7 000 руб. - 8 000 руб.
2024-06-05,Sunlight,3.88,32754.0,БК КОЛЬЦА,8442.0,"Цены ниже! Ещё -10%, код: НОЧЬ до 11:00",https://sunlight.net/catalog/ring_182210.html,8 000 руб. - 9 000 руб.
2024-06-05,Sunlight,2.63,20224.0,БК СЕРЬГИ,7690.0,"Цены ниже! Ещё -15%, код: НОЧЬ до 11:00",https://sunlight.net/catalog/earring_348254.html,7 000 руб. - 8 000 руб.
2024-06-05,Sunlight,3.87,32754.0,БК СЕРЬГИ,8464.0,"Цены ниже! Ещё -10%, код: НОЧЬ до 11:00",https://sunlight.net/catalog/earring_183236.html,8 000 руб. - 9 000 руб.
2024-06-05,Sunlight,1.33,9514.0,БК СЕРЬГИ,7153.0,"Цены ниже! Ещё -15%, код: НОЧЬ до 11:00",https://sunlight.net/catalog/earring_182332.html,7 000 руб. - 8 000 руб.
2024-06-05,Sunlight,3.61,25579.0,БК СЕРЬГИ,7086.0,"Цены ниже! Ещё -15%, код: НОЧЬ до 11:00",https://sunlight.net/catalog/earring_182326.html,7 000 руб. - 8 000 руб.
2024-06-05,Sunlight,1.25,7869.0,БК ПОДВЕС ДЕКОР,6295.0,"Цены ниже! Ещё -10%, код: НОЧЬ до 11:00",https://sunlight.net/catalog/pendants_179570.html,6 000 руб. - 6 500 руб.
2024-06-05,Sunlight,1.47,10370.0,БК КОЛЬЦА,7054.0,"Цены ниже! Ещё -10%, код: НОЧЬ до 11:00",https://sunlight.net/catalog/ring_170995.html,7 000 руб. - 8 000 руб.
2024-06-05,Sunlight,1.37,9782.0,БК КОЛЬЦА,7140.0,"Цены ниже! Ещё -15%, код: НОЧЬ до 11:00",https://sunlight.net/catalog/ring_992092.html,7 000 руб. - 8 000 руб.
2024-06-05,Sunlight,1.6,9444.0,БК СЕРЬГИ,5902.0,"Цены ниже! Ещё -10%, код: НОЧЬ до 11:00",https://sunlight.net/catalog/earring_991019.html,5 500 руб. - 6 000 руб.
2024-06-05,Sunlight,3.92,23934.0,БК СЕРЬГИ,6106.0,"Цены ниже! Ещё -10%, код: НОЧЬ до 11:00",https://sunlight.net/catalog/earring_309096.html,6 000 руб. - 6 500 руб.
2024-06-05,Sunlight,4.1,23934.0,БК СЕРЬГИ,5838.0,"Цены ниже! Ещё -10%, код: НОЧЬ до 11:00",https://sunlight.net/catalog/earring_309094.html,5 500 руб. - 6 000 руб.
2024-06-05,Sunlight,4.44,32719.0,БК СЕРЬГИ,7369.0,"Цены ниже! Ещё -15%, код: НОЧЬ до 11:00",https://sunlight.net/catalog/earring_184231.html,7 000 руб. - 8 000 руб.
2024-06-05,Sunlight,1.67,13255.0,БК КОЛЬЦА,7937.0,"Цены ниже! Ещё -10%, код: НОЧЬ до 11:00",https://sunlight.net/catalog/ring_183210.html,7 000 руб. - 8 000 руб.
2024-06-05,Sunlight,1.86,14167.0,БК КОЛЬЦА,7617.0,"Цены ниже! Ещё -15%, код: НОЧЬ до 11:00",https://sunlight.net/catalog/ring_183207.html,7 000 руб. - 8 000 руб.
2024-06-05,Sunlight,2.85,22009.0,БК СЕРЬГИ,7722.0,"Цены ниже! Ещё -15%, код: НОЧЬ до 11:00",https://sunlight.net/catalog/earring_182740.html,7 000 руб. - 8 000 руб.
2024-06-05,Sunlight,3.05,21521.0,БК СЕРЬГИ,7056.0,"Цены ниже! Ещё -10%, код: НОЧЬ до 11:00",https://sunlight.net/catalog/earring_182348.html,7 000 руб. - 8 000 руб.
2024-06-05,Sunlight,3.84,27084.0,БК СЕРЬГИ,7053.0,"Цены ниже! Ещё -10%, код: НОЧЬ до 11:00",https://sunlight.net/catalog/earring_182337.html,7 000 руб. - 8 000 руб.
2024-06-05,Sunlight,3.02,22044.0,БК СЕРЬГИ,7299.0,"Цены ниже! Ещё -10%, код: НОЧЬ до 11:00",https://sunlight.net/catalog/earring_182334.html,7 000 руб. - 8 000 руб.
2024-06-05,Sunlight,2.1,12594.0,БК ПОДВЕС ДЕКОР,5997.0,"Цены ниже! Ещё -10%, код: НОЧЬ до 11:00",https://sunlight.net/catalog/pendants_181135.html,5 500 руб. - 6 000 руб.
2024-06-05,Sunlight,7.4,68593.0,БК СЕРЬГИ,9269.0,нет скидочного купона,https://sunlight.net/catalog/earring_177215.html,9 000 руб. - 10 000 руб.
2024-06-05,Sunlight,4.79,28344.0,БК СЕРЬГИ,5917.0,"Цены ниже! Ещё -10%, код: НОЧЬ до 11:00",https://sunlight.net/catalog/earring_992214.html,5 500 руб. - 6 000 руб.
2024-06-05,Sunlight,2.36,13679.0,БК СЕРЬГИ,5796.0,"Цены ниже! Ещё -15%, код: НОЧЬ до 11:00",https://sunlight.net/catalog/earring_344947.html,5 500 руб. - 6 000 руб.
2024-06-05,Sunlight,3.41,24074.0,БК СЕРЬГИ,7060.0,"Цены ниже! Ещё -20%, код: НОЧЬ до 11:00",https://sunlight.net/catalog/earring_185376.html,7 000 руб. - 8 000 руб.
2024-06-05,Sunlight,3.34,24074.0,БК СЕРЬГИ,7208.0,"Цены ниже! Ещё -20%, код: НОЧЬ до 11:00",https://sunlight.net/catalog/earring_185374.html,7 000 руб. - 8 000 руб.
2024-06-05,Sunlight,1.45,12594.0,БК СЕРЬГИ,8686.0,"Цены ниже! Ещё -10%, код: НОЧЬ до 11:00",https://sunlight.net/catalog/earring_185362.html,8 000 руб. - 9 000 руб.
2024-06-05,Sunlight,0.29,2682.0,БК СЕРЬГИ,9248.0,"Цены ниже! Ещё -20%, код: НОЧЬ до 11:00",https://sunlight.net/catalog/piercing_183251.html,9 000 руб. - 10 000 руб.
2024-06-05,Sunlight,2.36,20154.0,БК СЕРЬГИ,8540.0,"Цены ниже! Ещё -10%, код: НОЧЬ до 11:00",https://sunlight.net/catalog/earring_183233.html,8 000 руб. - 9 000 руб.
2024-06-05,Sunlight,2.83,21218.0,БК КОЛЬЦА,7498.0,"Цены ниже! Ещё -15%, код: НОЧЬ до 11:00",https://sunlight.net/catalog/ring_183203.html,7 000 руб. - 8 000 руб.
2024-06-05,Sunlight,8.73,50569.0,БК ПОДВЕС ДЕКОР,5793.0,"Цены ниже! Ещё -15%, код: НОЧЬ до 11:00",https://sunlight.net/catalog/pendants_182681.html,5 500 руб. - 6 000 руб.
2024-06-05,Sunlight,2.99,22604.0,БК СЕРЬГИ,7560.0,"Цены ниже! Ещё -15%, код: НОЧЬ до 11:00",https://sunlight.net/catalog/earring_182375.html,7 000 руб. - 8 000 руб.
2024-06-05,Sunlight,2.02,11964.0,БК ПОДВЕС ДЕКОР,5923.0,"Цены ниже! Ещё -10%, код: НОЧЬ до 11:00",https://sunlight.net/catalog/pendants_179830.html,5 500 руб. - 6 000 руб.
2024-06-05,Sunlight,4.91,35885.0,БК КОЛЬЦА,7309.0,"Цены ниже! Ещё -10%, код: НОЧЬ до 11:00",https://sunlight.net/catalog/ring_309093.html,7 000 руб. - 8 000 руб.
2024-06-05,Sunlight,2.58,19629.0,БК СЕРЬГИ,7608.0,"Цены ниже! Ещё -15%, код: НОЧЬ до 11:00",https://sunlight.net/catalog/earring_183238.html,7 000 руб. - 8 000 руб.
2024-06-05,Sunlight,0.87,6154.0,БК ПОДВЕС ДЕКОР,7074.0,"Цены ниже! Ещё -20%, код: НОЧЬ до 11:00",https://sunlight.net/catalog/pendants_182738.html,7 000 руб. - 8 000 руб.
2024-06-05,Sunlight,2.78,19629.0,БК СЕРЬГИ,7061.0,"Цены ниже! Ещё -15%, код: НОЧЬ до 11:00",https://sunlight.net/catalog/earring_182333.html,7 000 руб. - 8 000 руб.
2024-06-05,Sunlight,1.03,7834.0,БК СЕРЬГИ,7606.0,"Цены ниже! Ещё -20%, код: НОЧЬ до 11:00",https://sunlight.net/catalog/earring_366964.html,7 000 руб. - 8 000 руб.
2024-06-05,Sunlight,0.95,5647.0,БК СЕРЬГИ,5944.0,"Цены ниже! Ещё -15%, код: НОЧЬ до 11:00",https://sunlight.net/catalog/earring_348330.html,5 500 руб. - 6 000 руб.
2024-06-05,Sunlight,4.07,30512.0,БК КОЛЬЦА,7497.0,"Цены ниже! Ещё -15%, код: НОЧЬ до 11:00",https://sunlight.net/catalog/ring_309095.html,7 000 руб. - 8 000 руб.
2024-06-05,Sunlight,0.89,7239.0,БК СЕРЬГИ,8134.0,"Цены ниже! Ещё -10%, код: НОЧЬ до 11:00",https://sunlight.net/catalog/earring_185363.html,8 000 руб. - 9 000 руб.
2024-06-05,Sunlight,2.56,21414.0,БК СЕРЬГИ,8365.0,"Цены ниже! Ещё -15%, код: НОЧЬ до 11:00",https://sunlight.net/catalog/earring_183226.html,8 000 руб. - 9 000 руб.
2024-06-05,Sunlight,2.67,19341.0,БК КОЛЬЦА,7244.0,"Цены ниже! Ещё -10%, код: НОЧЬ до 11:00",https://sunlight.net/catalog/ring_183205.html,7 000 руб. - 8 000 руб.
2024-06-05,Sunlight,3.01,19034.0,БК СЕРЬГИ,6324.0,"Цены ниже! Ещё -20%, код: НОЧЬ до 11:00",https://sunlight.net/catalog/earring_182379.html,6 000 руб. - 6 500 руб.
2024-06-05,Sunlight,1.07,7869.0,БК СЕРЬГИ,7354.0,"Цены ниже! Ещё -10%, код: НОЧЬ до 11:00",https://sunlight.net/catalog/earring_181145.html,7 000 руб. - 8 000 руб.
2024-06-05,Sunlight,4.58,40454.0,БК ПОДВЕС ДЕКОР,8833.0,"Цены ниже! Ещё -15%, код: НОЧЬ до 11:00",https://sunlight.net/catalog/pendants_179812.html,8 000 руб. - 9 000 руб.
2024-06-05,Sunlight,2.35,17634.0,БК СЕРЬГИ,7504.0,"Цены ниже! Ещё -10%, код: НОЧЬ до 11:00",https://sunlight.net/catalog/earring_997331.html,7 000 руб. - 8 000 руб.
2024-06-05,Sunlight,2.09,13224.0,БК СЕРЬГИ,6327.0,"Цены ниже! Ещё -10%, код: НОЧЬ до 11:00",https://sunlight.net/catalog/earring_994379.html,6 000 руб. - 6 500 руб.
2024-06-05,Sunlight,3.76,27084.0,БК СЕРЬГИ,7203.0,"Цены ниже! Ещё -10%, код: НОЧЬ до 11:00",https://sunlight.net/catalog/earring_993664.html,7 000 руб. - 8 000 руб.
2024-06-05,Sunlight,3.29,20154.0,БК СЕРЬГИ,6126.0,"Цены ниже! Ещё -10%, код: НОЧЬ до 11:00",https://sunlight.net/catalog/earring_991116.html,6 000 руб. - 6 500 руб.
2024-06-05,Sunlight,1.12,8324.0,БК СЕРЬГИ,7432.0,"Цены ниже! Ещё -15%, код: НОЧЬ до 11:00",https://sunlight.net/catalog/earring_346322.html,7 000 руб. - 8 000 руб.
2024-06-05,Sunlight,5.13,37794.0,БК СЕРЬГИ,7367.0,"Цены ниже! Ещё -10%, код: НОЧЬ до 11:00",https://sunlight.net/catalog/earring_309133.html,7 000 руб. - 8 000 руб.
2024-06-05,Sunlight,5.1,32474.0,БК СЕРЬГИ,6367.0,"Цены ниже! Ещё -20%, код: НОЧЬ до 11:00",https://sunlight.net/catalog/earring_309098.html,6 000 руб. - 6 500 руб.
2024-06-05,Sunlight,2.81,18883.0,БК КОЛЬЦА,6720.0,"Цены ниже! Ещё -20%, код: НОЧЬ до 11:00",https://sunlight.net/catalog/ring_185355.html,6 500 руб. - 7 000 руб.
2024-06-05,Sunlight,0.58,3634.0,БК ПОДВЕС ДЕКОР,6266.0,"Цены ниже! Ещё -20%, код: НОЧЬ до 11:00",https://sunlight.net/catalog/pendants_184204.html,6 000 руб. - 6 500 руб.
2024-06-05,Sunlight,2.15,12880.0,БК КОЛЬЦА,5991.0,"Цены ниже! Ещё -20%, код: НОЧЬ до 11:00",https://sunlight.net/catalog/ring_184029.html,5 500 руб. - 6 000 руб.
2024-06-05,Sunlight,3.53,25824.0,БК СЕРЬГИ,7316.0,"Цены ниже! Ещё -10%, код: НОЧЬ до 11:00",https://sunlight.net/catalog/earring_182342.html,7 000 руб. - 8 000 руб.
2024-06-05,Sunlight,2.12,14484.0,БК ПОДВЕС ДЕКОР,6832.0,"Цены ниже! Ещё -10%, код: НОЧЬ до 11:00",https://sunlight.net/catalog/pendants_182215.html,6 500 руб. - 7 000 руб.
2024-06-05,Sunlight,2.12,14024.0,БК КОЛЬЦА,6615.0,"Цены ниже! Ещё -10%, код: НОЧЬ до 11:00",https://sunlight.net/catalog/ring_995632.html,6 500 руб. - 7 000 руб.
2024-06-05,Sunlight,2.07,13293.0,БК СЕРЬГИ,6422.0,"Цены ниже! Ещё -5%, код: НОЧЬ до 11:00",https://sunlight.net/catalog/earring_994368.html,6 000 руб. - 6 500 руб.
2024-06-05,Sunlight,4.15,33930.0,БК СЕРЬГИ,8176.0,"Цены ниже! Ещё -20%, код: НОЧЬ до 11:00",https://sunlight.net/catalog/earring_990250.html,8 000 руб. - 9 000 руб.
2024-06-05,Sunlight,3.18,22604.0,БК СЕРЬГИ,7108.0,"Цены ниже! Ещё -15%, код: НОЧЬ до 11:00",https://sunlight.net/catalog/earring_184020.html,7 000 руб. - 8 000 руб.
2024-06-05,Sunlight,1.73,11120.0,БК КОЛЬЦА,6428.0,"Цены ниже! Ещё -10%, код: НОЧЬ до 11:00",https://sunlight.net/catalog/ring_183209.html,6 000 руб. - 6 500 руб.
2024-06-05,Sunlight,5.13,34714.0,БК ПОДВЕС ДЕКОР,6767.0,"Цены ниже! Ещё -20%, код: НОЧЬ до 11:00",https://sunlight.net/catalog/pendants_182679.html,6 500 руб. - 7 000 руб.
2024-06-05,Sunlight,2.0,16654.0,БК ПОДВЕС ДЕКОР,8327.0,"Цены ниже! Ещё -15%, код: НОЧЬ до 11:00",https://sunlight.net/catalog/pendants_182362.html,8 000 руб. - 9 000 руб.
2024-06-05,Sunlight,2.43,17354.0,БК СЕРЬГИ,7142.0,"Цены ниже! Ещё -20%, код: НОЧЬ до 11:00",https://sunlight.net/catalog/earring_182325.html,7 000 руб. - 8 000 руб.
2024-06-05,Sunlight,3.35,21274.0,БК СЕРЬГИ,6350.0,"Цены ниже! Ещё -20%, код: НОЧЬ до 11:00",https://sunlight.net/catalog/earring_182153.html,6 000 руб. - 6 500 руб.
2024-06-05,Sunlight,1.48,9514.0,БК ПОДВЕС ДЕКОР,6428.0,"Цены ниже! Ещё -20%, код: НОЧЬ до 11:00",https://sunlight.net/catalog/pendants_181695.html,6 000 руб. - 6 500 руб.
2024-06-05,Sunlight,1.22,7869.0,БК ПОДВЕС ДЕКОР,6450.0,"Цены ниже! Ещё -10%, код: НОЧЬ до 11:00",https://sunlight.net/catalog/pendants_179588.html,6 000 руб. - 6 500 руб.
2024-06-05,Sunlight,1.05,6609.0,БК ПОДВЕС ДЕКОР,6294.0,"Цены ниже! Ещё -10%, код: НОЧЬ до 11:00",https://sunlight.net/catalog/pendants_179582.html,6 000 руб. - 6 500 руб.
2024-06-05,Sunlight,5.19,30234.0,БК СЕРЬГИ,5825.0,"Цены ниже! Ещё -10%, код: НОЧЬ до 11:00",https://sunlight.net/catalog/earring_353987.html,5 500 руб. - 6 000 руб.
2024-06-05,Sunlight,3.38,23304.0,БК СЕРЬГИ,6895.0,"Цены ниже! Ещё -10%, код: НОЧЬ до 11:00",https://sunlight.net/catalog/earring_346520.html,6 500 руб. - 7 000 руб.
2024-06-05,Sunlight,2.2,17602.0,БК КОЛЬЦА,8001.0,"Цены ниже! Ещё -10%, код: НОЧЬ до 11:00",https://sunlight.net/catalog/ring_183220.html,8 000 руб. - 9 000 руб.
2024-06-05,Sunlight,3.08,21414.0,БК СЕРЬГИ,6953.0,"Цены ниже! Ещё -15%, код: НОЧЬ до 11:00",https://sunlight.net/catalog/earring_182213.html,6 500 руб. - 7 000 руб.
2024-06-05,Sunlight,2.64,19524.0,БК СЕРЬГИ,7395.0,"Цены ниже! Ещё -10%, код: НОЧЬ до 11:00",https://sunlight.net/catalog/earring_182150.html,7 000 руб. - 8 000 руб.
2024-06-05,Sunlight,2.39,16794.0,БК ПОДВЕС ДЕКОР,7027.0,"Цены ниже! Ещё -20%, код: НОЧЬ до 11:00",https://sunlight.net/catalog/pendants_179825.html,7 000 руб. - 8 000 руб.
2024-06-05,Sunlight,3.0,25579.0,БК СЕРЬГИ,8526.0,"Цены ниже! Ещё -15%, код: НОЧЬ до 11:00",https://sunlight.net/catalog/earring_359028.html,8 000 руб. - 9 000 руб.
2024-06-05,Sunlight,2.72,15082.0,БК КОЛЬЦА,5545.0,"Цены ниже! Ещё -10%, код: НОЧЬ до 11:00",https://sunlight.net/catalog/ring_994942.html,5 500 руб. - 6 000 руб.
2024-06-05,Sunlight,3.5,25579.0,БК СЕРЬГИ,7308.0,"Цены ниже! Ещё -15%, код: НОЧЬ до 11:00",https://sunlight.net/catalog/earring_309088.html,7 000 руб. - 8 000 руб.
2024-06-05,Sunlight,2.18,16234.0,БК СЕРЬГИ,7447.0,"Цены ниже! Ещё -20%, код: НОЧЬ до 11:00",https://sunlight.net/catalog/earring_185348.html,7 000 руб. - 8 000 руб.
2024-06-05,Sunlight,0.29,2682.0,БК СЕРЬГИ,9248.0,"Цены ниже! Ещё -20%, код: НОЧЬ до 11:00",https://sunlight.net/catalog/piercing_183246.html,9 000 руб. - 10 000 руб.
2024-06-05,Sunlight,2.44,19034.0,БК СЕРЬГИ,7801.0,"Цены ниже! Ещё -15%, код: НОЧЬ до 11:00",https://sunlight.net/catalog/earring_182736.html,7 000 руб. - 8 000 руб.
2024-06-05,Sunlight,3.31,25824.0,БК СЕРЬГИ,7802.0,"Цены ниже! Ещё -10%, код: НОЧЬ до 11:00",https://sunlight.net/catalog/earring_182733.html,7 000 руб. - 8 000 руб.
2024-06-05,Sunlight,3.46,21274.0,БК СЕРЬГИ,6149.0,"Цены ниже! Ещё -20%, код: НОЧЬ до 11:00",https://sunlight.net/catalog/earring_182378.html,6 000 руб. - 6 500 руб.
2024-06-05,Sunlight,2.59,19034.0,БК СЕРЬГИ,7349.0,"Цены ниже! Ещё -20%, код: НОЧЬ до 11:00",https://sunlight.net/catalog/earring_182152.html,7 000 руб. - 8 000 руб.
2024-06-05,Sunlight,2.64,18534.0,БК КОЛЬЦА,7020.0,"Цены ниже! Ещё -15%, код: НОЧЬ до 11:00",https://sunlight.net/catalog/ring_182151.html,7 000 руб. - 8 000 руб.
2024-06-05,Sunlight,2.9,20879.0,БК КОЛЬЦА,7200.0,"Цены ниже! Ещё -15%, код: НОЧЬ до 11:00",https://sunlight.net/catalog/ring_182149.html,7 000 руб. - 8 000 руб.
2024-06-05,Sunlight,2.69,16873.0,БК КОЛЬЦА,6272.0,"Цены ниже! Ещё -20%, код: НОЧЬ до 11:00",https://sunlight.net/catalog/ring_182080.html,6 000 руб. - 6 500 руб.
2024-06-05,Sunlight,1.63,10704.0,БК ПОДВЕС КУЛЬТ,6567.0,"Цены ниже! Ещё -10%, код: НОЧЬ до 11:00",https://sunlight.net/catalog/pendants_179554.html,6 500 руб. - 7 000 руб.
2024-06-05,Sunlight,2.21,16059.0,БК СЕРЬГИ,7267.0,"Цены ниже! Ещё -15%, код: НОЧЬ до 11:00",https://sunlight.net/catalog/earring_997016.html,7 000 руб. - 8 000 руб.
2024-06-05,Sunlight,2.82,20154.0,БК СЕРЬГИ,7147.0,"Цены ниже! Ещё -10%, код: НОЧЬ до 11:00",https://sunlight.net/catalog/earring_993690.html,7 000 руб. - 8 000 руб.
2024-06-05,Sunlight,1.45,10704.0,БК ПОДВЕС ДЕКОР,7382.0,"Цены ниже! Ещё -10%, код: НОЧЬ до 11:00",https://sunlight.net/catalog/pendants_993659.html,7 000 руб. - 8 000 руб.
2024-06-05,Sunlight,5.78,37794.0,БК ПОДВЕС КУЛЬТ,6539.0,"Цены ниже! Ещё -10%, код: НОЧЬ до 11:00",https://sunlight.net/catalog/pendants_988779.html,6 500 руб. - 7 000 руб.
2024-06-05,Sunlight,5.24,30234.0,БК СЕРЬГИ,5770.0,"Цены ниже! Ещё -10%, код: НОЧЬ до 11:00",https://sunlight.net/catalog/earring_343252.html,5 500 руб. - 6 000 руб.
2024-06-05,Sunlight,2.8,21521.0,БК КОЛЬЦА,7686.0,"Цены ниже! Ещё -10%, код: НОЧЬ до 11:00",https://sunlight.net/catalog/ring_183216.html,7 000 руб. - 8 000 руб.
2024-06-05,Sunlight,1.16,8901.0,БК КОЛЬЦА,7673.0,"Цены ниже! Ещё -15%, код: НОЧЬ до 11:00",https://sunlight.net/catalog/ring_183212.html,7 000 руб. - 8 000 руб.
2024-06-05,Sunlight,2.08,15839.0,БК КОЛЬЦА,7615.0,"Цены ниже! Ещё -15%, код: НОЧЬ до 11:00",https://sunlight.net/catalog/ring_183208.html,7 000 руб. - 8 000 руб.
2024-06-05,Sunlight,3.19,23934.0,БК СЕРЬГИ,7503.0,"Цены ниже! Ещё -10%, код: НОЧЬ до 11:00",https://sunlight.net/catalog/earring_181835.html,7 000 руб. - 8 000 руб.
2024-06-05,Sunlight,4.19,30234.0,БК СЕРЬГИ,7216.0,"Цены ниже! Ещё -10%, код: НОЧЬ до 11:00",https://sunlight.net/catalog/earring_181684.html,7 000 руб. - 8 000 руб.
2024-06-05,Sunlight,4.07,23934.0,БК СЕРЬГИ,5881.0,"Цены ниже! Ещё -10%, код: НОЧЬ до 11:00",https://sunlight.net/catalog/earring_353716.html,5 500 руб. - 6 000 руб.
2024-06-05,Sunlight,3.79,25194.0,БК СЕРЬГИ,6647.0,"Цены ниже! Ещё -10%, код: НОЧЬ до 11:00",https://sunlight.net/catalog/earring_995635.html,6 500 руб. - 7 000 руб.
2024-06-05,Sunlight,1.3,7869.0,БК СЕРЬГИ,6053.0,"Цены ниже! Ещё -10%, код: НОЧЬ до 11:00",https://sunlight.net/catalog/earring_994928.html,6 000 руб. - 6 500 руб.
2024-06-05,Sunlight,1.07,6837.0,БК СЕРЬГИ,6390.0,"Цены ниже! Ещё -15%, код: НОЧЬ до 11:00",https://sunlight.net/catalog/earring_994393.html,6 000 руб. - 6 500 руб.
2024-06-05,Sunlight,4.45,30339.0,БК ПОДВЕС ДЕКОР,6818.0,"Цены ниже! Ещё -15%, код: НОЧЬ до 11:00",https://sunlight.net/catalog/pendants_993766.html,6 500 руб. - 7 000 руб.
2024-06-05,Sunlight,2.89,22182.0,БК КОЛЬЦА,7675.0,"Цены ниже! Ещё -15%, код: НОЧЬ до 11:00",https://sunlight.net/catalog/ring_183211.html,7 000 руб. - 8 000 руб.
2024-06-05,Sunlight,0.63,4754.0,БК ПОДВЕС ДЕКОР,7546.0,"Цены ниже! Ещё -20%, код: НОЧЬ до 11:00",https://sunlight.net/catalog/pendants_180932.html,7 000 руб. - 8 000 руб.
2024-06-05,Sunlight,5.6,43674.0,БК ПОДВЕС ДЕКОР,7799.0,"Цены ниже! Ещё -20%, код: НОЧЬ до 11:00",https://sunlight.net/catalog/pendants_177396.html,7 000 руб. - 8 000 руб.
2024-06-05,Sunlight,2.38,19034.0,БК СЕРЬГИ,7997.0,"Цены ниже! Ещё -15%, код: НОЧЬ до 11:00",https://sunlight.net/catalog/earring_366969.html,7 000 руб. - 8 000 руб.
2024-06-05,Sunlight,10.78,61594.0,БК СЕРЬГИ,5714.0,"Цены ниже! Ещё -20%, код: НОЧЬ до 11:00",https://sunlight.net/catalog/earring_354830.html,5 500 руб. - 6 000 руб.
2024-06-05,Sunlight,5.75,35500.0,БК КОЛЬЦА,6174.0,"Цены ниже! Ещё -10%, код: НОЧЬ до 11:00",https://sunlight.net/catalog/ring_354334.html,6 000 руб. - 6 500 руб.
2024-06-05,Sunlight,2.53,15939.0,БК КОЛЬЦА,6300.0,"Цены ниже! Ещё -10%, код: НОЧЬ до 11:00",https://sunlight.net/catalog/ring_992208.html,6 000 руб. - 6 500 руб.
2024-06-05,Sunlight,5.4,32999.0,БК КОЛЬЦА,6111.0,"Цены ниже! Ещё -10%, код: НОЧЬ до 11:00",https://sunlight.net/catalog/ring_348270.html,6 000 руб. - 6 500 руб.
2024-06-05,Sunlight,2.23,12594.0,БК СЕРЬГИ,5648.0,"Цены ниже! Ещё -10%, код: НОЧЬ до 11:00",https://sunlight.net/catalog/earring_984160.html,5 500 руб. - 6 000 руб.
2024-06-05,Sunlight,1.52,11964.0,БК СЕРЬГИ,7871.0,"Цены ниже! Ещё -10%, код: НОЧЬ до 11:00",https://sunlight.net/catalog/earring_984155.html,7 000 руб. - 8 000 руб.
2024-06-05,Sunlight,2.34,14484.0,БК СЕРЬГИ,6190.0,"Цены ниже! Ещё -10%, код: НОЧЬ до 11:00",https://sunlight.net/catalog/earring_333302.html,6 000 руб. - 6 500 руб.
2024-06-05,Sunlight,3.41,22394.0,БК СЕРЬГИ,6567.0,"Цены ниже! Ещё -20%, код: НОЧЬ до 11:00",https://sunlight.net/catalog/earring_184203.html,6 500 руб. - 7 000 руб.
2024-06-05,Sunlight,5.21,41644.0,БК СЕРЬГИ,7993.0,"Цены ниже! Ещё -15%, код: НОЧЬ до 11:00",https://sunlight.net/catalog/earring_182208.html,7 000 руб. - 8 000 руб.
2024-06-05,Sunlight,3.46,20998.0,БК КОЛЬЦА ОБРУЧ,6069.0,"Цены ниже! Ещё -15%, код: НОЧЬ до 11:00",https://sunlight.net/catalog/ring_114165.html,6 000 руб. - 6 500 руб.
2024-06-05,Sunlight,3.75,21414.0,БК СЕРЬГИ,5710.0,"Цены ниже! Ещё -10%, код: НОЧЬ до 11:00",https://sunlight.net/catalog/earring_354017.html,5 500 руб. - 6 000 руб.
2024-06-05,Sunlight,2.15,16374.0,БК ПОДВЕС ДЕКОР,7616.0,"Цены ниже! Ещё -10%, код: НОЧЬ до 11:00",https://sunlight.net/catalog/pendants_993652.html,7 000 руб. - 8 000 руб.
2024-06-05,Sunlight,2.12,12594.0,БК СЕРЬГИ,5941.0,"Цены ниже! Ещё -10%, код: НОЧЬ до 11:00",https://sunlight.net/catalog/earring_993602.html,5 500 руб. - 6 000 руб.
2024-06-05,Sunlight,2.33,13854.0,БК СЕРЬГИ,5946.0,"Цены ниже! Ещё -10%, код: НОЧЬ до 11:00",https://sunlight.net/catalog/earring_984271.html,5 500 руб. - 6 000 руб.
2024-06-05,Sunlight,1.69,11893.0,БК СЕРЬГИ,7037.0,"Цены ниже! Ещё -5%, код: НОЧЬ до 11:00",https://sunlight.net/catalog/earring_329533.html,7 000 руб. - 8 000 руб.
2024-06-05,Sunlight,1.63,12412.0,БК КОЛЬЦА,7615.0,"Цены ниже! Ещё -15%, код: НОЧЬ до 11:00",https://sunlight.net/catalog/ring_309101.html,7 000 руб. - 8 000 руб.
2024-06-05,Sunlight,3.63,26296.0,БК КОЛЬЦА,7244.0,"Цены ниже! Ещё -10%, код: НОЧЬ до 11:00",https://sunlight.net/catalog/ring_309087.html,7 000 руб. - 8 000 руб.
2024-06-05,Sunlight,4.41,32474.0,БК ПОДВЕС ДЕКОР,7364.0,"Цены ниже! Ещё -20%, код: НОЧЬ до 11:00",https://sunlight.net/catalog/pendants_183666.html,7 000 руб. - 8 000 руб.
2024-06-05,Sunlight,2.77,20714.0,БК СЕРЬГИ,7478.0,"Цены ниже! Ещё -20%, код: НОЧЬ до 11:00",https://sunlight.net/catalog/earring_182734.html,7 000 руб. - 8 000 руб.
2024-06-05,Sunlight,2.72,19581.0,БК КОЛЬЦА,7199.0,"Цены ниже! Ещё -15%, код: НОЧЬ до 11:00",https://sunlight.net/catalog/ring_181677.html,7 000 руб. - 8 000 руб.
2024-06-05,Sunlight,7.41,45914.0,БК СЕРЬГИ,6196.0,"Цены ниже! Ещё -20%, код: НОЧЬ до 11:00",https://sunlight.net/catalog/earring_179818.html,6 000 руб. - 6 500 руб.
2024-06-05,Sunlight,1.56,11299.0,БК ПОДВЕС КУЛЬТ,7243.0,"Цены ниже! Ещё -15%, код: НОЧЬ до 11:00",https://sunlight.net/catalog/pendants_179552.html,7 000 руб. - 8 000 руб.
2024-06-05,Sunlight,1.22,7239.0,БК ПОДВЕС ДЕКОР,5934.0,"Цены ниже! Ещё -10%, код: НОЧЬ до 11:00",https://sunlight.net/catalog/pendants_348259.html,5 500 руб. - 6 000 руб.
2024-06-05,Sunlight,1.79,12594.0,БК СЕРЬГИ,7036.0,"Цены ниже! Ещё -10%, код: НОЧЬ до 11:00",https://sunlight.net/catalog/earring_345038.html,7 000 руб. - 8 000 руб.
2024-06-05,Sunlight,2.23,12506.0,БК КОЛЬЦА,5608.0,"Цены ниже! Ещё -10%, код: НОЧЬ до 11:00",https://sunlight.net/catalog/ring_331000.html,5 500 руб. - 6 000 руб.
2024-06-05,Sunlight,4.88,35047.0,БК КОЛЬЦА,7182.0,"Цены ниже! Ещё -10%, код: НОЧЬ до 11:00",https://sunlight.net/catalog/ring_309097.html,7 000 руб. - 8 000 руб.
2024-06-05,Sunlight,3.07,23934.0,БК СЕРЬГИ,7796.0,"Цены ниже! Ещё -10%, код: НОЧЬ до 11:00",https://sunlight.net/catalog/earring_185367.html,7 000 руб. - 8 000 руб.
2024-06-05,Sunlight,4.41,28554.0,БК СЕРЬГИ,6475.0,"Цены ниже! Ещё -20%, код: НОЧЬ до 11:00",https://sunlight.net/catalog/earring_182674.html,6 000 руб. - 6 500 руб.
2024-06-05,Sunlight,0.54,3914.0,БК ПОДВЕС ДЕКОР,7248.0,"Цены ниже! Ещё -20%, код: НОЧЬ до 11:00",https://sunlight.net/catalog/pendants_182244.html,7 000 руб. - 8 000 руб.
2024-06-05,Sunlight,2.45,16059.0,БК ПОДВЕС ДЕКОР,6555.0,"Цены ниже! Ещё -15%, код: НОЧЬ до 11:00",https://sunlight.net/catalog/pendants_174429.html,6 500 руб. - 7 000 руб.
2024-06-05,Sunlight,1.61,11254.0,ЦБ БРАСЛЕТЫ,6990.0,ХИТ-цена,https://sunlight.net/catalog/bracelets_41526.html,6 500 руб. - 7 000 руб.
2024-06-05,Sunlight,2.7,18894.0,БК СЕРЬГИ,6998.0,"Цены ниже! Ещё -10%, код: НОЧЬ до 11:00",https://sunlight.net/catalog/earring_993684.html,6 500 руб. - 7 000 руб.
2024-06-05,Sunlight,3.23,18894.0,БК СЕРЬГИ,5850.0,"Цены ниже! Ещё -10%, код: НОЧЬ до 11:00",https://sunlight.net/catalog/earring_991953.html,5 500 руб. - 6 000 руб.
2024-06-05,Sunlight,1.46,8253.0,БК КОЛЬЦА,5653.0,"Цены ниже! Ещё -15%, код: НОЧЬ до 11:00",https://sunlight.net/catalog/ring_984449.html,5 500 руб. - 6 000 руб.
2024-06-05,Sunlight,3.82,22138.0,БК КОЛЬЦА,5795.0,"Цены ниже! Ещё -10%, код: НОЧЬ до 11:00",https://sunlight.net/catalog/ring_984207.html,5 500 руб. - 6 000 руб.
2024-06-05,Sunlight,1.95,15479.0,БК КОЛЬЦА,7938.0,"Цены ниже! Ещё -10%, код: НОЧЬ до 11:00",https://sunlight.net/catalog/ring_183217.html,7 000 руб. - 8 000 руб.
2024-06-05,Sunlight,5.22,38074.0,БК СЕРЬГИ,7294.0,"Цены ниже! Ещё -20%, код: НОЧЬ до 11:00",https://sunlight.net/catalog/earring_182366.html,7 000 руб. - 8 000 руб.
2024-06-05,Sunlight,3.53,27084.0,БК СЕРЬГИ,7673.0,"Цены ниже! Ещё -10%, код: НОЧЬ до 11:00",https://sunlight.net/catalog/earring_182240.html,7 000 руб. - 8 000 руб.
2024-06-05,Sunlight,2.92,20933.0,БК КОЛЬЦА,7169.0,"Цены ниже! Ещё -20%, код: НОЧЬ до 11:00",https://sunlight.net/catalog/ring_182154.html,7 000 руб. - 8 000 руб.
2024-06-05,Sunlight,2.68,20714.0,БК СЕРЬГИ,7729.0,"Цены ниже! Ещё -20%, код: НОЧЬ до 11:00",https://sunlight.net/catalog/earring_181875.html,7 000 руб. - 8 000 руб.
2024-06-05,Sunlight,2.2,16059.0,БК СЕРЬГИ,7300.0,"Цены ниже! Ещё -15%, код: НОЧЬ до 11:00",https://sunlight.net/catalog/earring_181834.html,7 000 руб. - 8 000 руб.
2024-06-05,Sunlight,2.1,13434.0,БК СЕРЬГИ,6397.0,"Цены ниже! Ещё -20%, код: НОЧЬ до 11:00",https://sunlight.net/catalog/earring_170993.html,6 000 руб. - 6 500 руб.
2024-06-05,Sunlight,13.99,104054.0,БК КОЛЬЦА,7438.0,"Цены снижены! Ещё -15%, код: СЕГОДНЯ",https://sunlight.net/catalog/ring_354827.html,7 000 руб. - 8 000 руб.
2024-06-05,Sunlight,2.42,15114.0,БК СЕРЬГИ,6245.0,"Цены ниже! Ещё -20%, код: НОЧЬ до 11:00",https://sunlight.net/catalog/earring_994382.html,6 000 руб. - 6 500 руб.
2024-06-05,Sunlight,2.06,11964.0,БК СЕРЬГИ,5808.0,"Цены ниже! Ещё -10%, код: НОЧЬ до 11:00",https://sunlight.net/catalog/earring_994370.html,5 500 руб. - 6 000 руб.
2024-06-05,Sunlight,2.83,20154.0,БК СЕРЬГИ,7122.0,"Цены ниже! Ещё -10%, код: НОЧЬ до 11:00",https://sunlight.net/catalog/earring_993689.html,7 000 руб. - 8 000 руб.
2024-06-05,Sunlight,1.63,11334.0,БК ПОДВЕС КУЛЬТ,6953.0,"Цены ниже! Ещё -10%, код: НОЧЬ до 11:00",https://sunlight.net/catalog/pendants_350936.html,6 500 руб. - 7 000 руб.
2024-06-05,Sunlight,4.65,31769.0,БК КОЛЬЦА,6832.0,"Цены ниже! Ещё -20%, код: НОЧЬ до 11:00",https://sunlight.net/catalog/ring_182670.html,6 500 руб. - 7 000 руб.
2024-06-05,Sunlight,6.31,46404.0,БК СЕРЬГИ,7354.0,"Цены ниже! Ещё -15%, код: НОЧЬ до 11:00",https://sunlight.net/catalog/earring_182361.html,7 000 руб. - 8 000 руб.
2024-06-05,Sunlight,1.41,10704.0,БК ПОДВЕС ДЕКОР,7591.0,"Цены ниже! Ещё -10%, код: НОЧЬ до 11:00",https://sunlight.net/catalog/pendants_179809.html,7 000 руб. - 8 000 руб.
2024-06-05,Sunlight,2.26,18894.0,БК СЕРЬГИ,8360.0,"Цены ниже! Ещё -10%, код: НОЧЬ до 11:00",https://sunlight.net/catalog/earring_359030.html,8 000 руб. - 9 000 руб.
2024-06-05,Sunlight,2.54,19195.0,БК КОЛЬЦА,7557.0,"Цены ниже! Ещё -15%, код: НОЧЬ до 11:00",https://sunlight.net/catalog/ring_356473.html,7 000 руб. - 8 000 руб.
2024-06-05,Sunlight,1.26,7432.0,БК ПОДВЕС ДЕКОР,5898.0,"Цены ниже! Ещё -15%, код: НОЧЬ до 11:00",https://sunlight.net/catalog/pendants_995171.html,5 500 руб. - 6 000 руб.
2024-06-05,Sunlight,1.18,8499.0,БК СЕРЬГИ,7203.0,"Цены ниже! Ещё -10%, код: НОЧЬ до 11:00",https://sunlight.net/catalog/earring_994949.html,7 000 руб. - 8 000 руб.
2024-06-05,Sunlight,1.17,8919.0,БК ПОДВЕС ДЕКОР,7623.0,"Цены ниже! Ещё -15%, код: НОЧЬ до 11:00",https://sunlight.net/catalog/pendants_993685.html,7 000 руб. - 8 000 руб.
2024-06-05,Sunlight,4.01,23241.0,БК КОЛЬЦА,5796.0,"Цены ниже! Ещё -10%, код: НОЧЬ до 11:00",https://sunlight.net/catalog/ring_991966.html,5 500 руб. - 6 000 руб.
2024-06-05,Sunlight,4.69,36534.0,БК СЕРЬГИ,7790.0,"Цены ниже! Ещё -10%, код: НОЧЬ до 11:00",https://sunlight.net/catalog/earring_182671.html,7 000 руб. - 8 000 руб.
2024-06-05,Sunlight,5.91,40314.0,БК СЕРЬГИ,6821.0,"Цены ниже! Ещё -20%, код: НОЧЬ до 11:00",https://sunlight.net/catalog/earring_182381.html,6 500 руб. - 7 000 руб.
2024-06-05,Sunlight,4.55,35694.0,БК СЕРЬГИ,7845.0,"Цены ниже! Ещё -15%, код: НОЧЬ до 11:00",https://sunlight.net/catalog/earring_182380.html,7 000 руб. - 8 000 руб.
2024-06-05,Sunlight,3.83,28554.0,БК СЕРЬГИ,7455.0,"Цены ниже! Ещё -20%, код: НОЧЬ до 11:00",https://sunlight.net/catalog/earring_182090.html,7 000 руб. - 8 000 руб.
2024-06-05,Sunlight,3.73,26874.0,БК ПОДВЕС ДЕКОР,7205.0,"Цены ниже! Ещё -20%, код: НОЧЬ до 11:00",https://sunlight.net/catalog/pendants_179592.html,7 000 руб. - 8 000 руб.
2024-06-05,Sunlight,2.28,15114.0,БК ПОДВЕС ДЕКОР,6629.0,"Цены ниже! Ещё -10%, код: НОЧЬ до 11:00",https://sunlight.net/catalog/pendants_179575.html,6 500 руб. - 7 000 руб.
2024-06-05,Sunlight,2.44,14869.0,БК СЕРЬГИ,6094.0,"Цены ниже! Ещё -15%, код: НОЧЬ до 11:00",https://sunlight.net/catalog/earring_174882.html,6 000 руб. - 6 500 руб.
2024-06-05,Sunlight,2.44,14869.0,БК СЕРЬГИ,6094.0,"Цены ниже! Ещё -15%, код: НОЧЬ до 11:00",https://sunlight.net/catalog/earring_174867.html,6 000 руб. - 6 500 руб.
2024-06-05,Sunlight,1.38,10074.0,БК СЕРЬГИ,7300.0,"Цены ниже! Ещё -20%, код: НОЧЬ до 11:00",https://sunlight.net/catalog/earring_168036.html,7 000 руб. - 8 000 руб.
2024-06-05,Sunlight,3.84,27524.0,БК КОЛЬЦА ОБРУЧ,7168.0,"Второе в подарок, код 1=2, Цены ниже! Ещё -20%, код: НОЧЬ до 11:00",https://sunlight.net/catalog/ring_114167.html,7 000 руб. - 8 000 руб.
2024-06-05,Sunlight,1.89,11472.0,БК КОЛЬЦА,6070.0,"Цены ниже! Ещё -15%, код: НОЧЬ до 11:00",https://sunlight.net/catalog/ring_356472.html,6 000 руб. - 6 500 руб.
2024-06-05,Sunlight,2.29,13224.0,БК ПОДВЕС ДЕКОР,5775.0,"Цены ниже! Ещё -10%, код: НОЧЬ до 11:00",https://sunlight.net/catalog/pendants_353563.html,5 500 руб. - 6 000 руб.
2024-06-05,Sunlight,1.06,5878.0,БК КОЛЬЦА,5545.0,"Цены ниже! Ещё -10%, код: НОЧЬ до 11:00",https://sunlight.net/catalog/ring_994933.html,5 500 руб. - 6 000 руб.
2024-06-05,Sunlight,3.17,22044.0,БК СЕРЬГИ,6954.0,"Цены ниже! Ещё -10%, код: НОЧЬ до 11:00",https://sunlight.net/catalog/earring_993683.html,6 500 руб. - 7 000 руб.
2024-06-05,Sunlight,3.58,25194.0,БК СЕРЬГИ,7037.0,"Цены ниже! Ещё -10%, код: НОЧЬ до 11:00",https://sunlight.net/catalog/earring_993680.html,7 000 руб. - 8 000 руб.
2024-06-05,Sunlight,1.58,11964.0,БК ПОДВЕС ДЕКОР,7572.0,"Цены ниже! Ещё -10%, код: НОЧЬ до 11:00",https://sunlight.net/catalog/pendants_993669.html,7 000 руб. - 8 000 руб.
2024-06-05,Sunlight,3.7,27084.0,БК СЕРЬГИ,7320.0,"Цены ниже! Ещё -10%, код: НОЧЬ до 11:00",https://sunlight.net/catalog/earring_993662.html,7 000 руб. - 8 000 руб.
2024-06-05,Sunlight,3.1,18894.0,БК СЕРЬГИ,6095.0,"Цены ниже! Ещё -10%, код: НОЧЬ до 11:00",https://sunlight.net/catalog/earring_993600.html,6 000 руб. - 6 500 руб.
2024-06-05,Sunlight,2.8,17634.0,БК СЕРЬГИ,6298.0,"Цены ниже! Ещё -10%, код: НОЧЬ до 11:00",https://sunlight.net/catalog/earring_182669.html,6 000 руб. - 6 500 руб.
2024-06-05,Sunlight,3.63,24074.0,БК СЕРЬГИ,6632.0,"Цены ниже! Ещё -20%, код: НОЧЬ до 11:00",https://sunlight.net/catalog/earring_182663.html,6 500 руб. - 7 000 руб.
2024-06-05,Sunlight,3.34,23199.0,БК ПОДВЕС ДЕКОР,6946.0,"Цены ниже! Ещё -15%, код: НОЧЬ до 11:00",https://sunlight.net/catalog/pendants_179574.html,6 500 руб. - 7 000 руб.
2024-06-05,Sunlight,2.66,18832.0,БК КОЛЬЦА,7080.0,"Цены ниже! Ещё -15%, код: НОЧЬ до 11:00",https://sunlight.net/catalog/ring_170994.html,7 000 руб. - 8 000 руб.
2024-06-05,Sunlight,3.69,26656.0,БК КОЛЬЦА ОБРУЧ,7224.0,"Второе в подарок, код 1=2, Цены ниже! Ещё -20%, код: НОЧЬ до 11:00",https://sunlight.net/catalog/ring_108732.html,7 000 руб. - 8 000 руб.
2024-06-05,Sunlight,2.75,16374.0,БК СЕРЬГИ,5954.0,"Цены ниже! Ещё -10%, код: НОЧЬ до 11:00",https://sunlight.net/catalog/earring257752.html,5 500 руб. - 6 000 руб.
2024-06-05,Sunlight,5.41,33403.0,БК КОЛЬЦА,6174.0,"Цены ниже! Ещё -10%, код: НОЧЬ до 11:00",https://sunlight.net/catalog/ring_354333.html,6 000 руб. - 6 500 руб.
2024-06-05,Sunlight,3.96,22453.0,БК КОЛЬЦА,5670.0,"Цены ниже! Ещё -10%, код: НОЧЬ до 11:00",https://sunlight.net/catalog/ring_992463.html,5 500 руб. - 6 000 руб.
2024-06-05,Sunlight,2.52,16093.0,БК СЕРЬГИ,6386.0,"Цены ниже! Ещё -5%, код: НОЧЬ до 11:00",https://sunlight.net/catalog/earring_329519.html,6 000 руб. - 6 500 руб.
2024-06-05,Sunlight,4.96,34714.0,БК СЕРЬГИ,6999.0,"Цены ниже! Ещё -20%, код: НОЧЬ до 11:00",https://sunlight.net/catalog/earring_182676.html,6 500 руб. - 7 000 руб.
2024-06-05,Sunlight,5.18,41644.0,БК СЕРЬГИ,8039.0,"Цены ниже! Ещё -15%, код: НОЧЬ до 11:00",https://sunlight.net/catalog/earring_182214.html,8 000 руб. - 9 000 руб.
2024-06-05,Sunlight,2.02,14554.0,БК СЕРЬГИ,7205.0,"Цены ниже! Ещё -20%, код: НОЧЬ до 11:00",https://sunlight.net/catalog/earring_182045.html,7 000 руб. - 8 000 руб.
2024-06-05,Sunlight,4.85,34714.0,БК ПОДВЕС ДЕКОР,7158.0,"Цены ниже! Ещё -20%, код: НОЧЬ до 11:00",https://sunlight.net/catalog/pendants_179596.html,7 000 руб. - 8 000 руб.
2024-06-05,Sunlight,2.21,13923.0,БК КОЛЬЦА ОБРУЧ,6300.0,"Цены ниже! Ещё -10%, код: НОЧЬ до 11:00",https://sunlight.net/catalog/ring_144885.html,6 000 руб. - 6 500 руб.
2024-06-05,Sunlight,5.66,32754.0,БК СЕРЬГИ,5787.0,"Цены ниже! Ещё -10%, код: НОЧЬ до 11:00",https://sunlight.net/catalog/earring_353706.html,5 500 руб. - 6 000 руб.
2024-06-05,Sunlight,1.59,11334.0,БК ПОДВЕС ДЕКОР,7128.0,"Цены ниже! Ещё -10%, код: НОЧЬ до 11:00",https://sunlight.net/catalog/pendants_993675.html,7 000 руб. - 8 000 руб.
2024-06-05,Sunlight,3.56,25194.0,БК СЕРЬГИ,7077.0,"Цены ниже! Ещё -10%, код: НОЧЬ до 11:00",https://sunlight.net/catalog/earring_993649.html,7 000 руб. - 8 000 руб.
2024-06-05,Sunlight,1.96,11299.0,БК СЕРЬГИ,5765.0,"Цены ниже! Ещё -15%, код: НОЧЬ до 11:00",https://sunlight.net/catalog/earring_348242.html,5 500 руб. - 6 000 руб.
2024-06-05,Sunlight,4.48,34714.0,БК СЕРЬГИ,7749.0,"Цены ниже! Ещё -20%, код: НОЧЬ до 11:00",https://sunlight.net/catalog/earring_182735.html,7 000 руб. - 8 000 руб.
2024-06-05,Sunlight,1.99,13994.0,БК ПОДВЕС ДЕКОР,7032.0,"Цены ниже! Ещё -20%, код: НОЧЬ до 11:00",https://sunlight.net/catalog/pendants_179594.html,7 000 руб. - 8 000 руб.
2024-06-05,Sunlight,0.98,7274.0,БК ПОДВЕС ДЕКОР,7422.0,"Цены ниже! Ещё -20%, код: НОЧЬ до 11:00",https://sunlight.net/catalog/pendants_179586.html,7 000 руб. - 8 000 руб.
2024-06-05,Sunlight,1.64,11299.0,БК ПОДВЕС ДЕКОР,6890.0,"Цены ниже! Ещё -15%, код: НОЧЬ до 11:00",https://sunlight.net/catalog/pendants_177293.html,6 500 руб. - 7 000 руб.
2024-06-05,Sunlight,1.79,12594.0,БК СЕРЬГИ,7036.0,"Цены ниже! Ещё -10%, код: НОЧЬ до 11:00",https://sunlight.net/catalog/earring_994378.html,7 000 руб. - 8 000 руб.
2024-06-05,Sunlight,5.5,39054.0,БК СЕРЬГИ,7101.0,"Цены ниже! Ещё -10%, код: НОЧЬ до 11:00",https://sunlight.net/catalog/earring_993665.html,7 000 руб. - 8 000 руб.
2024-06-05,Sunlight,1.73,12489.0,БК ПОДВЕС ДЕКОР,7219.0,"Цены ниже! Ещё -15%, код: НОЧЬ до 11:00",https://sunlight.net/catalog/pendants_984239.html,7 000 руб. - 8 000 руб.
2024-06-05,Sunlight,2.9,18193.0,БК СЕРЬГИ,6273.0,"Цены ниже! Ещё -5%, код: НОЧЬ до 11:00",https://sunlight.net/catalog/earring_329520.html,6 000 руб. - 6 500 руб.
2024-06-05,Sunlight,3.32,23934.0,БК СЕРЬГИ,7209.0,"Цены ниже! Ещё -10%, код: НОЧЬ до 11:00",https://sunlight.net/catalog/earring_185375.html,7 000 руб. - 8 000 руб.
2024-06-05,Sunlight,3.0,20154.0,БК СЕРЬГИ,6718.0,"Цены ниже! Ещё -10%, код: НОЧЬ до 11:00",https://sunlight.net/catalog/earring_182678.html,6 500 руб. - 7 000 руб.
2024-06-05,Sunlight,3.33,22753.0,БК КОЛЬЦА,6833.0,"Цены ниже! Ещё -20%, код: НОЧЬ до 11:00",https://sunlight.net/catalog/ring_182673.html,6 500 руб. - 7 000 руб.
2024-06-05,Sunlight,7.06,51514.0,БК СЕРЬГИ,7297.0,"Цены ниже! Ещё -20%, код: НОЧЬ до 11:00",https://sunlight.net/catalog/earring_182382.html,7 000 руб. - 8 000 руб.
2024-06-05,Sunlight,2.67,18903.0,БК КОЛЬЦА,7080.0,"Цены ниже! Ещё -15%, код: НОЧЬ до 11:00",https://sunlight.net/catalog/ring_182242.html,7 000 руб. - 8 000 руб.
2024-06-05,Sunlight,4.08,28887.0,БК КОЛЬЦА,7080.0,"Цены ниже! Ещё -15%, код: НОЧЬ до 11:00",https://sunlight.net/catalog/ring_181683.html,7 000 руб. - 8 000 руб.
2024-06-05,Sunlight,2.17,12594.0,БК ПОДВЕС ДЕКОР,5804.0,"Цены ниже! Ещё -10%, код: НОЧЬ до 11:00",https://sunlight.net/catalog/pendants_179566.html,5 500 руб. - 6 000 руб.
2024-06-05,Sunlight,2.12,15114.0,БК ПОДВЕС ДЕКОР,7129.0,"Цены ниже! Ещё -10%, код: НОЧЬ до 11:00",https://sunlight.net/catalog/pendants_177494.html,7 000 руб. - 8 000 руб.
2024-06-05,Sunlight,2.86,18264.0,БК СЕРЬГИ,6386.0,"Цены ниже! Ещё -10%, код: НОЧЬ до 11:00",https://sunlight.net/catalog/earring_167375.html,6 000 руб. - 6 500 руб.
2024-06-05,Sunlight,1.64,10109.0,БК СЕРЬГИ,6164.0,"Цены ниже! Ещё -15%, код: НОЧЬ до 11:00",https://sunlight.net/catalog/earring_984133.html,6 000 руб. - 6 500 руб.
2024-06-05,Sunlight,2.52,15114.0,БК СЕРЬГИ,5998.0,"Цены ниже! Ещё -10%, код: НОЧЬ до 11:00",https://sunlight.net/catalog/earring_333301.html,5 500 руб. - 6 000 руб.
2024-06-05,Sunlight,3.19,18894.0,БК СЕРЬГИ,5923.0,"Цены ниже! Ещё -10%, код: НОЧЬ до 11:00",https://sunlight.net/catalog/earring_333298.html,5 500 руб. - 6 000 руб.
2024-06-05,Sunlight,2.37,14244.0,БК КОЛЬЦА,6010.0,"Цены ниже! Ещё -15%, код: НОЧЬ до 11:00",https://sunlight.net/catalog/ring_182675.html,6 000 руб. - 6 500 руб.
2024-06-05,Sunlight,7.26,46404.0,БК ПОДВЕС ДЕКОР,6392.0,"Цены ниже! Ещё -15%, код: НОЧЬ до 11:00",https://sunlight.net/catalog/pendants_179576.html,6 000 руб. - 6 500 руб.
2024-06-05,Sunlight,4.71,34644.0,БК СЕРЬГИ,7355.0,"Цены ниже! Ещё -10%, код: НОЧЬ до 11:00",https://sunlight.net/catalog/earring_993672.html,7 000 руб. - 8 000 руб.
2024-06-05,Sunlight,1.94,14869.0,БК ПОДВЕС ДЕКОР,7664.0,"Цены ниже! Ещё -15%, код: НОЧЬ до 11:00",https://sunlight.net/catalog/pendants_182672.html,7 000 руб. - 8 000 руб.
2024-06-05,Sunlight,2.21,14605.0,БК КОЛЬЦА,6609.0,"Цены ниже! Ещё -20%, код: НОЧЬ до 11:00",https://sunlight.net/catalog/ring_182662.html,6 500 руб. - 7 000 руб.
2024-06-05,Sunlight,2.93,16374.0,БК СЕРЬГИ,5588.0,"Цены ниже! Ещё -10%, код: НОЧЬ до 11:00",https://sunlight.net/catalog/earring_90346.html,5 500 руб. - 6 000 руб.
2024-06-05,Sunlight,1.14,6533.0,БК КОЛЬЦА,5731.0,"Цены ниже! Ещё -10%, код: НОЧЬ до 11:00",https://sunlight.net/catalog/ring_994931.html,5 500 руб. - 6 000 руб.
2024-06-05,Sunlight,3.01,18264.0,БК СЕРЬГИ,6068.0,"Цены ниже! Ещё -10%, код: НОЧЬ до 11:00",https://sunlight.net/catalog/earring_994397.html,6 000 руб. - 6 500 руб.
2024-06-05,Sunlight,3.07,17844.0,БК СЕРЬГИ,5812.0,"Цены ниже! Ещё -15%, код: НОЧЬ до 11:00",https://sunlight.net/catalog/earring_351202.html,5 500 руб. - 6 000 руб.
2024-06-05,Sunlight,2.14,12002.0,БК КОЛЬЦА,5608.0,"Цены ниже! Ещё -10%, код: НОЧЬ до 11:00",https://sunlight.net/catalog/ring_984169.html,5 500 руб. - 6 000 руб.
2024-06-05,Sunlight,3.39,19524.0,БК СЕРЬГИ,5759.0,"Цены ниже! Ещё -10%, код: НОЧЬ до 11:00",https://sunlight.net/catalog/earring_984109.html,5 500 руб. - 6 000 руб.
2024-06-05,Sunlight,1.98,11964.0,БК СЕРЬГИ,6042.0,"Цены ниже! Ещё -10%, код: НОЧЬ до 11:00",https://sunlight.net/catalog/earring_333308.html,6 000 руб. - 6 500 руб.
2024-06-05,Sunlight,2.95,18893.0,БК СЕРЬГИ,6404.0,"Цены ниже! Ещё -5%, код: НОЧЬ до 11:00",https://sunlight.net/catalog/earring_329534.html,6 000 руб. - 6 500 руб.
2024-06-05,Sunlight,0.18,1002.0,БК СЕРЬГИ,5567.0,"Цены ниже! Ещё -10%, код: НОЧЬ до 11:00",https://sunlight.net/catalog/piercing_267059.html,5 500 руб. - 6 000 руб.
2024-06-05,Sunlight,2.52,19366.0,БК КОЛЬЦА,7685.0,"Цены ниже! Ещё -10%, код: НОЧЬ до 11:00",https://sunlight.net/catalog/ring_182668.html,7 000 руб. - 8 000 руб.
2024-06-05,Sunlight,4.18,29604.0,БК СЕРЬГИ,7082.0,"Цены ниже! Ещё -10%, код: НОЧЬ до 11:00",https://sunlight.net/catalog/earring_179807.html,7 000 руб. - 8 000 руб.
2024-06-05,Sunlight,7.13,47594.0,БК ПОДВЕС ДЕКОР,6675.0,"Цены ниже! Ещё -20%, код: НОЧЬ до 11:00",https://sunlight.net/catalog/pendants_179608.html,6 500 руб. - 7 000 руб.
2024-06-05,Sunlight,2.42,16234.0,БК ПОДВЕС ДЕКОР,6708.0,"Цены ниже! Ещё -20%, код: НОЧЬ до 11:00",https://sunlight.net/catalog/pendants_179573.html,6 500 руб. - 7 000 руб.
2024-06-05,Sunlight,4.42,30234.0,БК СЕРЬГИ,6840.0,"Цены ниже! Ещё -10%, код: НОЧЬ до 11:00",https://sunlight.net/catalog/earring_177277.html,6 500 руб. - 7 000 руб.
2024-06-05,Sunlight,1.89,13679.0,БК СЕРЬГИ,7238.0,"Цены ниже! Ещё -15%, код: НОЧЬ до 11:00",https://sunlight.net/catalog/earring_994371.html,7 000 руб. - 8 000 руб.
2024-06-05,Sunlight,4.98,36534.0,БК СЕРЬГИ,7336.0,"Цены ниже! Ещё -10%, код: НОЧЬ до 11:00",https://sunlight.net/catalog/earring_993693.html,7 000 руб. - 8 000 руб.
2024-06-05,Sunlight,3.33,20141.0,БК КОЛЬЦА,6048.0,"Цены ниже! Ещё -10%, код: НОЧЬ до 11:00",https://sunlight.net/catalog/ring_992209.html,6 000 руб. - 6 500 руб.
2024-06-05,Sunlight,2.72,16374.0,БК СЕРЬГИ,6020.0,"Цены ниже! Ещё -10%, код: НОЧЬ до 11:00",https://sunlight.net/catalog/earring_335805.html,6 000 руб. - 6 500 руб.
2024-06-05,Sunlight,2.34,14581.0,БК КОЛЬЦА,6231.0,"Цены ниже! Ещё -5%, код: НОЧЬ до 11:00",https://sunlight.net/catalog/ring_329527.html,6 000 руб. - 6 500 руб.
2024-06-05,Sunlight,1.75,10704.0,БК СЕРЬГИ,6117.0,"Цены ниже! Ещё -10%, код: НОЧЬ до 11:00",https://sunlight.net/catalog/earring_271416.html,6 000 руб. - 6 500 руб.
2024-06-05,Sunlight,2.12,16148.0,БК КОЛЬЦА,7617.0,"Цены ниже! Ещё -15%, код: НОЧЬ до 11:00",https://sunlight.net/catalog/ring_183218.html,7 000 руб. - 8 000 руб.
2024-06-05,Sunlight,1.61,11591.0,БК КОЛЬЦА,7199.0,"Цены ниже! Ещё -15%, код: НОЧЬ до 11:00",https://sunlight.net/catalog/ring_181234.html,7 000 руб. - 8 000 руб.
2024-06-05,Sunlight,3.14,25579.0,БК СЕРЬГИ,8146.0,"Цены ниже! Ещё -15%, код: НОЧЬ до 11:00",https://sunlight.net/catalog/earring_366970.html,8 000 руб. - 9 000 руб.
2024-06-05,Sunlight,2.12,16059.0,БК СЕРЬГИ,7575.0,"Цены ниже! Ещё -15%, код: НОЧЬ до 11:00",https://sunlight.net/catalog/earring_994375.html,7 000 руб. - 8 000 руб.
2024-06-05,Sunlight,3.69,25194.0,БК СЕРЬГИ,6828.0,"Цены ниже! Ещё -10%, код: НОЧЬ до 11:00",https://sunlight.net/catalog/earring_993653.html,6 500 руб. - 7 000 руб.
2024-06-05,Sunlight,2.33,13854.0,БК СЕРЬГИ,5946.0,"Цены ниже! Ещё -10%, код: НОЧЬ до 11:00",https://sunlight.net/catalog/earring_349938.html,5 500 руб. - 6 000 руб.
2024-06-05,Sunlight,2.92,22009.0,БК СЕРЬГИ,7537.0,"Цены ниже! Ещё -15%, код: НОЧЬ до 11:00",https://sunlight.net/catalog/earring_992094.html,7 000 руб. - 8 000 руб.
2024-06-05,Sunlight,3.14,23199.0,БК СЕРЬГИ,7388.0,"Цены ниже! Ещё -15%, код: НОЧЬ до 11:00",https://sunlight.net/catalog/earring_349325.html,7 000 руб. - 8 000 руб.
2024-06-05,Sunlight,3.32,20154.0,БК СЕРЬГИ,6070.0,"Цены ниже! Ещё -10%, код: НОЧЬ до 11:00",https://sunlight.net/catalog/earring_346519.html,6 000 руб. - 6 500 руб.
2024-06-05,Sunlight,1.72,10074.0,БК СЕРЬГИ,5857.0,"Цены ниже! Ещё -10%, код: НОЧЬ до 11:00",https://sunlight.net/catalog/earring_333442.html,5 500 руб. - 6 000 руб.
2024-06-05,Sunlight,3.24,25579.0,БК СЕРЬГИ,7895.0,"Цены ниже! Ещё -15%, код: НОЧЬ до 11:00",https://sunlight.net/catalog/earring_182667.html,7 000 руб. - 8 000 руб.
2024-06-05,Sunlight,3.58,25194.0,БК ПОДВЕС ДЕКОР,7037.0,"Цены ниже! Ещё -20%, код: НОЧЬ до 11:00",https://sunlight.net/catalog/pendants_179578.html,7 000 руб. - 8 000 руб.
2024-06-05,Sunlight,2.49,18439.0,БК СЕРЬГИ,7405.0,"Цены ниже! Ещё -15%, код: НОЧЬ до 11:00",https://sunlight.net/catalog/earring_170925.html,7 000 руб. - 8 000 руб.
2024-06-05,Sunlight,4.25,30234.0,БК СЕРЬГИ,7114.0,"Цены ниже! Ещё -10%, код: НОЧЬ до 11:00",https://sunlight.net/catalog/earring_993641.html,7 000 руб. - 8 000 руб.
2024-06-05,Sunlight,2.94,19524.0,БК СЕРЬГИ,6641.0,"Цены ниже! Ещё -10%, код: НОЧЬ до 11:00",https://sunlight.net/catalog/earring_346518.html,6 500 руб. - 7 000 руб.
2024-06-05,Sunlight,3.98,26593.0,БК СЕРЬГИ,6682.0,"Цены ниже! Ещё -5%, код: НОЧЬ до 11:00",https://sunlight.net/catalog/earring_346496.html,6 500 руб. - 7 000 руб.
2024-06-05,Sunlight,1.51,8751.0,БК КОЛЬЦА,5795.0,"Цены ниже! Ещё -10%, код: НОЧЬ до 11:00",https://sunlight.net/catalog/ring_290022.html,5 500 руб. - 6 000 руб.
2024-06-05,Sunlight,2.18,16794.0,БК СЕРЬГИ,7704.0,"Цены ниже! Ещё -20%, код: НОЧЬ до 11:00",https://sunlight.net/catalog/earring_182367.html,7 000 руб. - 8 000 руб.
2024-06-05,Sunlight,2.37,13994.0,БК СЕРЬГИ,5905.0,"Цены ниже! Ещё -20%, код: НОЧЬ до 11:00",https://sunlight.net/catalog/earring_180756.html,5 500 руб. - 6 000 руб.
2024-06-05,Sunlight,0.75,6294.0,БК ПОДВЕС ДЕКОР,8392.0,"Цены ниже! Ещё -10%, код: НОЧЬ до 11:00",https://sunlight.net/catalog/pendants_997335.html,8 000 руб. - 9 000 руб.
2024-06-05,Sunlight,1.18,8919.0,БК СЕРЬГИ,7558.0,"Цены ниже! Ещё -15%, код: НОЧЬ до 11:00",https://sunlight.net/catalog/earring_997334.html,7 000 руб. - 8 000 руб.
2024-06-05,Sunlight,2.24,13084.0,БК СЕРЬГИ,5841.0,"Цены ниже! Ещё -15%, код: НОЧЬ до 11:00",https://sunlight.net/catalog/earring_994372.html,5 500 руб. - 6 000 руб.
2024-06-05,Sunlight,1.78,10704.0,БК СЕРЬГИ,6013.0,"Цены ниже! Ещё -10%, код: НОЧЬ до 11:00",https://sunlight.net/catalog/earring_994369.html,6 000 руб. - 6 500 руб.
2024-06-05,Sunlight,1.4,7913.0,БК КОЛЬЦА,5652.0,"Цены ниже! Ещё -15%, код: НОЧЬ до 11:00",https://sunlight.net/catalog/ring_335733.html,5 500 руб. - 6 000 руб.
2024-06-05,Sunlight,2.14,11971.0,БК КОЛЬЦА,5594.0,"Цены ниже! Ещё -15%, код: НОЧЬ до 11:00",https://sunlight.net/catalog/ring_300011.html,5 500 руб. - 6 000 руб.
2024-06-05,Sunlight,1.93,11063.0,БК КОЛЬЦА,5732.0,"Цены ниже! Ещё -10%, код: НОЧЬ до 11:00",https://sunlight.net/catalog/ring_265953.html,5 500 руб. - 6 000 руб.
2024-06-05,Sunlight,2.93,16214.0,БК КОЛЬЦА,5534.0,"Цены ниже! Ещё -15%, код: НОЧЬ до 11:00",https://sunlight.net/catalog/ring_254889.html,5 500 руб. - 6 000 руб.
2024-06-05,Sunlight,1.43,10074.0,БК ПОДВЕС ДЕКОР,7045.0,"Цены ниже! Ещё -20%, код: НОЧЬ до 11:00",https://sunlight.net/catalog/pendants_184032.html,7 000 руб. - 8 000 руб.
2024-06-05,Sunlight,2.06,15964.0,БК КОЛЬЦА,7750.0,"Цены ниже! Ещё -10%, код: НОЧЬ до 11:00",https://sunlight.net/catalog/ring_182677.html,7 000 руб. - 8 000 руб.
2024-06-05,Sunlight,2.05,15464.0,БК СЕРЬГИ,7543.0,"Цены ниже! Ещё -15%, код: НОЧЬ до 11:00",https://sunlight.net/catalog/earring_181676.html,7 000 руб. - 8 000 руб.
2024-06-05,Sunlight,2.64,20224.0,БК СЕРЬГИ,7661.0,"Цены ниже! Ещё -15%, код: НОЧЬ до 11:00",https://sunlight.net/catalog/earring_181241.html,7 000 руб. - 8 000 руб.
2024-06-05,Sunlight,1.3,9591.0,БК КОЛЬЦА,7378.0,"Цены ниже! Ещё -15%, код: НОЧЬ до 11:00",https://sunlight.net/catalog/ring_181240.html,7 000 руб. - 8 000 руб.
2024-06-05,Sunlight,3.68,26769.0,БК ПОДВЕС КУЛЬТ,7274.0,"Цены ниже! Ещё -15%, код: НОЧЬ до 11:00",https://sunlight.net/catalog/pendants_179556.html,7 000 руб. - 8 000 руб.
2024-06-05,Sunlight,2.63,18894.0,БК СЕРЬГИ,7184.0,"Цены ниже! Ещё -10%, код: НОЧЬ до 11:00",https://sunlight.net/catalog/earring_168169.html,7 000 руб. - 8 000 руб.
2024-06-05,Sunlight,3.74,23934.0,БК СЕРЬГИ,6399.0,"Цены ниже! Ещё -10%, код: НОЧЬ до 11:00",https://sunlight.net/catalog/earring_997330.html,6 000 руб. - 6 500 руб.
2024-06-05,Sunlight,1.37,7747.0,БК КОЛЬЦА,5655.0,"Цены ниже! Ещё -15%, код: НОЧЬ до 11:00",https://sunlight.net/catalog/ring_275482.html,5 500 руб. - 6 000 руб.
2024-06-05,Sunlight,4.19,36534.0,БК СЕРЬГИ,8719.0,"Цены ниже! Ещё -10%, код: НОЧЬ до 11:00",https://sunlight.net/catalog/earring_183624.html,8 000 руб. - 9 000 руб.
2024-06-05,Sunlight,3.02,23304.0,БК СЕРЬГИ,7717.0,"Цены ниже! Ещё -10%, код: НОЧЬ до 11:00",https://sunlight.net/catalog/earring_182665.html,7 000 руб. - 8 000 руб.
2024-06-05,Sunlight,2.19,16059.0,БК СЕРЬГИ,7333.0,"Цены ниже! Ещё -15%, код: НОЧЬ до 11:00",https://sunlight.net/catalog/earring_181678.html,7 000 руб. - 8 000 руб.
2024-06-05,Sunlight,1.4,8184.0,БК ПОДВЕС ДЕКОР,5846.0,"Цены ниже! Ещё -10%, код: НОЧЬ до 11:00",https://sunlight.net/catalog/pendants_179585.html,5 500 руб. - 6 000 руб.
2024-06-05,Sunlight,1.48,8814.0,БК СЕРЬГИ,5955.0,"Цены ниже! Ещё -10%, код: НОЧЬ до 11:00",https://sunlight.net/catalog/earring_168327.html,5 500 руб. - 6 000 руб.
2024-06-05,Sunlight,2.27,14274.0,БК СЕРЬГИ,6288.0,"Цены ниже! Ещё -15%, код: НОЧЬ до 11:00",https://sunlight.net/catalog/earring_997332.html,6 000 руб. - 6 500 руб.
2024-06-05,Sunlight,2.81,18264.0,БК СЕРЬГИ,6500.0,"Цены ниже! Ещё -10%, код: НОЧЬ до 11:00",https://sunlight.net/catalog/earring_992210.html,6 000 руб. - 6 500 руб.
2024-06-05,Sunlight,4.66,32474.0,БК СЕРЬГИ,6969.0,"Второе в подарок, код 1=2, Цены ниже! Ещё -20%, код: НОЧЬ до 11:00",https://sunlight.net/catalog/earring_343675.html,6 500 руб. - 7 000 руб.
2024-06-05,Sunlight,3.18,18453.0,БК КОЛЬЦА,5803.0,"Цены ниже! Ещё -10%, код: НОЧЬ до 11:00",https://sunlight.net/catalog/ring_241728.html,5 500 руб. - 6 000 руб.
2024-06-05,Sunlight,3.36,24074.0,БК СЕРЬГИ,7165.0,"Цены ниже! Ещё -20%, код: НОЧЬ до 11:00",https://sunlight.net/catalog/earring_185377.html,7 000 руб. - 8 000 руб.
2024-06-05,Sunlight,3.36,23304.0,БК СЕРЬГИ,6936.0,"Цены ниже! Ещё -10%, код: НОЧЬ до 11:00",https://sunlight.net/catalog/earring_179808.html,6 500 руб. - 7 000 руб.
2024-06-05,Sunlight,9.79,54734.0,БК ПОДВЕС ДЕКОР,5591.0,"Цены ниже! Ещё -15%, код: НОЧЬ до 11:00",https://sunlight.net/catalog/pendants_179591.html,5 500 руб. - 6 000 руб.
2024-06-05,Sunlight,1.56,11194.0,БК ПОДВЕС ДЕКОР,7176.0,"Цены ниже! Ещё -20%, код: НОЧЬ до 11:00",https://sunlight.net/catalog/pendants_179587.html,7 000 руб. - 8 000 руб.
2024-06-05,Sunlight,2.23,12489.0,БК СЕРЬГИ,5600.0,"Цены ниже! Ещё -15%, код: НОЧЬ до 11:00",https://sunlight.net/catalog/earring_168308.html,5 500 руб. - 6 000 руб.
2024-06-05,Sunlight,0.32,2493.0,БК ПОДВЕС ДЕКОР,7791.0,"Цены ниже! Ещё -15%, код: НОЧЬ до 11:00",https://sunlight.net/catalog/pendants_359032.html,7 000 руб. - 8 000 руб.
2024-06-05,Sunlight,2.12,13679.0,БК СЕРЬГИ,6452.0,"Цены ниже! Ещё -15%, код: НОЧЬ до 11:00",https://sunlight.net/catalog/earring_356509.html,6 000 руб. - 6 500 руб.
2024-06-05,Sunlight,1.68,10074.0,БК ПОДВЕС ДЕКОР,5996.0,"Цены ниже! Ещё -10%, код: НОЧЬ до 11:00",https://sunlight.net/catalog/pendants_346540.html,5 500 руб. - 6 000 руб.
2024-06-05,Sunlight,2.84,17249.0,БК СЕРЬГИ,6074.0,"Цены ниже! Ещё -15%, код: НОЧЬ до 11:00",https://sunlight.net/catalog/earring_985633.html,6 000 руб. - 6 500 руб.
2024-06-05,Sunlight,4.04,23159.0,БК КОЛЬЦА,5732.0,"Цены ниже! Ещё -10%, код: НОЧЬ до 11:00",https://sunlight.net/catalog/ring_984187.html,5 500 руб. - 6 000 руб.
2024-06-05,Sunlight,4.2,29604.0,БК СЕРЬГИ,7049.0,"Цены ниже! Ещё -10%, код: НОЧЬ до 11:00",https://sunlight.net/catalog/earring_984096.html,7 000 руб. - 8 000 руб.
2024-06-05,Sunlight,3.2,20714.0,БК СЕРЬГИ,6473.0,"Цены ниже! Ещё -20%, код: НОЧЬ до 11:00",https://sunlight.net/catalog/earring_984003.html,6 000 руб. - 6 500 руб.
2024-06-05,Sunlight,5.18,36553.0,БК КОЛЬЦА,7057.0,"Цены ниже! Ещё -10%, код: НОЧЬ до 11:00",https://sunlight.net/catalog/ring_340811.html,7 000 руб. - 8 000 руб.
2024-06-05,Sunlight,4.04,26204.0,БК КОЛЬЦА,6486.0,"Цены ниже! Ещё -15%, код: НОЧЬ до 11:00",https://sunlight.net/catalog/ring_185137.html,6 000 руб. - 6 500 руб.
2024-06-05,Sunlight,2.21,13507.0,БК КОЛЬЦА,6112.0,"Цены ниже! Ещё -10%, код: НОЧЬ до 11:00",https://sunlight.net/catalog/ring_182664.html,6 000 руб. - 6 500 руб.
2024-06-05,Sunlight,1.27,9514.0,БК СЕРЬГИ,7491.0,"Цены ниже! Ещё -15%, код: НОЧЬ до 11:00",https://sunlight.net/catalog/earring_180830.html,7 000 руб. - 8 000 руб.
2024-06-05,Sunlight,6.22,43674.0,БК ПОДВЕС ДЕКОР,7022.0,"Цены ниже! Ещё -20%, код: НОЧЬ до 11:00",https://sunlight.net/catalog/pendants_179595.html,7 000 руб. - 8 000 руб.
2024-06-05,Sunlight,3.46,23514.0,БК ПОДВЕС ДЕКОР,6796.0,"Цены ниже! Ещё -20%, код: НОЧЬ до 11:00",https://sunlight.net/catalog/pendants_179593.html,6 500 руб. - 7 000 руб.
2024-06-05,Sunlight,2.08,11794.0,БК КОЛЬЦА,5670.0,"Цены ниже! Ещё -10%, код: НОЧЬ до 11:00",https://sunlight.net/catalog/ring_174517.html,5 500 руб. - 6 000 руб.
2024-06-05,Sunlight,2.2,16059.0,БК СЕРЬГИ,7300.0,"Цены ниже! Ещё -15%, код: НОЧЬ до 11:00",https://sunlight.net/catalog/earring_170327.html,7 000 руб. - 8 000 руб.
2024-06-05,Sunlight,2.05,11964.0,БК СЕРЬГИ,5836.0,"Цены ниже! Ещё -10%, код: НОЧЬ до 11:00",https://sunlight.net/catalog/earring_168223.html,5 500 руб. - 6 000 руб.
2024-06-05,Sunlight,1.92,12314.0,БК СЕРЬГИ,6414.0,"Цены ниже! Ещё -20%, код: НОЧЬ до 11:00",https://sunlight.net/catalog/earring_167430.html,6 000 руб. - 6 500 руб.
2024-06-05,Sunlight,2.99,21274.0,БК СЕРЬГИ,7115.0,"Цены ниже! Ещё -20%, код: НОЧЬ до 11:00",https://sunlight.net/catalog/earring_167390.html,7 000 руб. - 8 000 руб.
2024-06-05,Sunlight,1.73,11334.0,БК СЕРЬГИ,6551.0,"Цены ниже! Ещё -10%, код: НОЧЬ до 11:00",https://sunlight.net/catalog/earring_359034.html,6 500 руб. - 7 000 руб.
2024-06-05,Sunlight,3.22,24118.0,ЦБ ЦЕПИ,7490.0,ХИТ-цена,https://sunlight.net/catalog/chains_994292.html,7 000 руб. - 8 000 руб.
2024-06-05,Sunlight,4.22,30794.0,БК СЕРЬГИ,7297.0,"Цены ниже! Ещё -20%, код: НОЧЬ до 11:00",https://sunlight.net/catalog/earring_185349.html,7 000 руб. - 8 000 руб.
2024-06-05,Sunlight,2.96,23499.0,БК КОЛЬЦА,7939.0,"Цены ниже! Ещё -10%, код: НОЧЬ до 11:00",https://sunlight.net/catalog/ring_182666.html,7 000 руб. - 8 000 руб.
2024-06-05,Sunlight,5.51,41994.0,БК ПОДВЕС ДЕКОР,7621.0,"Цены ниже! Ещё -20%, код: НОЧЬ до 11:00",https://sunlight.net/catalog/pendants_179565.html,7 000 руб. - 8 000 руб.
2024-06-05,Sunlight,4.32,30234.0,БК СЕРЬГИ,6999.0,"Цены ниже! Ещё -10%, код: НОЧЬ до 11:00",https://sunlight.net/catalog/earring_177505.html,6 500 руб. - 7 000 руб.
2024-06-05,Sunlight,2.15,14899.0,БК КОЛЬЦА,6930.0,"Цены ниже! Ещё -10%, код: НОЧЬ до 11:00",https://sunlight.net/catalog/ring_177248.html,6 500 руб. - 7 000 руб.
2024-06-05,Sunlight,0.98,6294.0,БК ПОДВЕС ДЕКОР,6422.0,"Цены ниже! Ещё -10%, код: НОЧЬ до 11:00",https://sunlight.net/catalog/pendants_997337.html,6 000 руб. - 6 500 руб.
2024-06-05,Sunlight,4.16,23934.0,БК СЕРЬГИ,5753.0,"Цены ниже! Ещё -10%, код: НОЧЬ до 11:00",https://sunlight.net/catalog/earring_354013.html,5 500 руб. - 6 000 руб.
2024-06-05,Sunlight,2.78,15381.0,БК КОЛЬЦА,5533.0,"Цены ниже! Ещё -15%, код: НОЧЬ до 11:00",https://sunlight.net/catalog/ring_991975.html,5 500 руб. - 6 000 руб.
2024-06-05,Sunlight,3.9,28554.0,БК СЕРЬГИ,7322.0,"Цены ниже! Ещё -20%, код: НОЧЬ до 11:00",https://sunlight.net/catalog/earring_344945.html,7 000 руб. - 8 000 руб.
2024-06-05,Sunlight,1.76,10093.0,БК КОЛЬЦА,5735.0,"Цены ниже! Ещё -10%, код: НОЧЬ до 11:00",https://sunlight.net/catalog/ring_984172.html,5 500 руб. - 6 000 руб.
2024-06-05,Sunlight,2.47,14845.0,БК КОЛЬЦА ОБРУЧ,6010.0,"Цены ниже! Ещё -15%, код: НОЧЬ до 11:00",https://sunlight.net/catalog/ring_339569.html,6 000 руб. - 6 500 руб.
2024-06-05,Sunlight,3.87,22044.0,БК СЕРЬГИ,5696.0,"Цены ниже! Ещё -10%, код: НОЧЬ до 11:00",https://sunlight.net/catalog/earring_331921.html,5 500 руб. - 6 000 руб.
2024-06-05,Sunlight,3.02,18894.0,БК СЕРЬГИ,6256.0,"Цены ниже! Ещё -10%, код: НОЧЬ до 11:00",https://sunlight.net/catalog/earring_329535.html,6 000 руб. - 6 500 руб.
2024-06-05,Sunlight,2.78,18193.0,БК СЕРЬГИ,6544.0,"Цены ниже! Ещё -5%, код: НОЧЬ до 11:00",https://sunlight.net/catalog/earring_329517.html,6 500 руб. - 7 000 руб.
2024-06-05,Sunlight,1.87,13079.0,БК КОЛЬЦА,6994.0,"Цены ниже! Ещё -10%, код: НОЧЬ до 11:00",https://sunlight.net/catalog/ring_291456.html,6 500 руб. - 7 000 руб.
2024-06-05,Sunlight,1.61,8919.0,БК СЕРЬГИ,5540.0,"Цены ниже! Ещё -15%, код: НОЧЬ до 11:00",https://sunlight.net/catalog/earring_244133.html,5 500 руб. - 6 000 руб.
2024-06-05,Sunlight,2.62,18474.0,БК ПОДВЕС ДЕКОР,7051.0,"Цены ниже! Ещё -20%, код: НОЧЬ до 11:00",https://sunlight.net/catalog/pendants_179569.html,7 000 руб. - 8 000 руб.
2024-06-05,Sunlight,2.06,13614.0,БК КОЛЬЦА,6609.0,"Цены ниже! Ещё -20%, код: НОЧЬ до 11:00",https://sunlight.net/catalog/ring_174857.html,6 500 руб. - 7 000 руб.
2024-06-05,Sunlight,1.73,11194.0,БК СЕРЬГИ,6471.0,"Цены ниже! Ещё -20%, код: НОЧЬ до 11:00",https://sunlight.net/catalog/earring_168310.html,6 000 руб. - 6 500 руб.
2024-06-05,Sunlight,2.98,22604.0,БК СЕРЬГИ,7585.0,"Цены ниже! Ещё -15%, код: НОЧЬ до 11:00",https://sunlight.net/catalog/earring_168200.html,7 000 руб. - 8 000 руб.
2024-06-05,Sunlight,5.06,29604.0,БК СЕРЬГИ,5851.0,"Цены ниже! Ещё -10%, код: НОЧЬ до 11:00",https://sunlight.net/catalog/earring_354014.html,5 500 руб. - 6 000 руб.
2024-06-05,Sunlight,2.09,11964.0,БК СЕРЬГИ,5724.0,"Цены ниже! Ещё -10%, код: НОЧЬ до 11:00",https://sunlight.net/catalog/earring_993805.html,5 500 руб. - 6 000 руб.
2024-06-05,Sunlight,2.32,13444.0,БК КОЛЬЦА,5795.0,"Цены ниже! Ещё -10%, код: НОЧЬ до 11:00",https://sunlight.net/catalog/ring_993804.html,5 500 руб. - 6 000 руб.
2024-06-05,Sunlight,2.24,12489.0,БК СЕРЬГИ,5575.0,"Цены ниже! Ещё -15%, код: НОЧЬ до 11:00",https://sunlight.net/catalog/earring_349861.html,5 500 руб. - 6 000 руб.
2024-06-05,Sunlight,1.33,9734.0,БК КОЛЬЦА,7319.0,"Цены ниже! Ещё -15%, код: НОЧЬ до 11:00",https://sunlight.net/catalog/ring_992093.html,7 000 руб. - 8 000 руб.
2024-06-05,Sunlight,6.25,37188.0,БК КОЛЬЦА,5950.0,"Цены ниже! Ещё -15%, код: НОЧЬ до 11:00",https://sunlight.net/catalog/ring_991872.html,5 500 руб. - 6 000 руб.
2024-06-05,Sunlight,1.58,11299.0,БК СЕРЬГИ,7151.0,"Цены ниже! Ещё -15%, код: НОЧЬ до 11:00",https://sunlight.net/catalog/earring_349346.html,7 000 руб. - 8 000 руб.
2024-06-05,Sunlight,1.86,10704.0,БК СЕРЬГИ,5755.0,"Цены ниже! Ещё -10%, код: НОЧЬ до 11:00",https://sunlight.net/catalog/earring_308207.html,5 500 руб. - 6 000 руб.
2024-06-05,Sunlight,2.52,15114.0,БК СЕРЬГИ,5998.0,"Цены ниже! Ещё -10%, код: НОЧЬ до 11:00",https://sunlight.net/catalog/earring_300012.html,5 500 руб. - 6 000 руб.
2024-06-05,Sunlight,2.64,15464.0,БК СЕРЬГИ,5858.0,"Цены ниже! Ещё -15%, код: НОЧЬ до 11:00",https://sunlight.net/catalog/earring_167374.html,5 500 руб. - 6 000 руб.
2024-06-05,Sunlight,3.57,20469.0,БК КОЛЬЦА,5734.0,"Цены ниже! Ещё -10%, код: НОЧЬ до 11:00",https://sunlight.net/catalog/ring_349878.html,5 500 руб. - 6 000 руб.
2024-06-05,Sunlight,2.05,11894.0,БК СЕРЬГИ,5802.0,"Цены ниже! Ещё -15%, код: НОЧЬ до 11:00",https://sunlight.net/catalog/earring_336256.html,5 500 руб. - 6 000 руб.
2024-06-05,Sunlight,2.2,15378.0,ЦБ БРАСЛЕТЫ,6990.0,ХИТ-цена,https://sunlight.net/catalog/bracelets_198393.html,6 500 руб. - 7 000 руб.
2024-06-05,Sunlight,1.2,6837.0,БК СЕРЬГИ,5698.0,"Цены ниже! Ещё -15%, код: НОЧЬ до 11:00",https://sunlight.net/catalog/earring_168244.html,5 500 руб. - 6 000 руб.
2024-06-05,Sunlight,1.58,9793.0,БК СЕРЬГИ,6198.0,"Цены ниже! Ещё -5%, код: НОЧЬ до 11:00",https://sunlight.net/catalog/earring_167426.html,6 000 руб. - 6 500 руб.
2024-06-05,Sunlight,1.47,8814.0,БК СЕРЬГИ,5996.0,"Цены ниже! Ещё -10%, код: НОЧЬ до 11:00",https://sunlight.net/catalog/earring_166823.html,5 500 руб. - 6 000 руб.
2024-06-05,Sunlight,4.64,27084.0,БК СЕРЬГИ,5837.0,"Цены ниже! Ещё -10%, код: НОЧЬ до 11:00",https://sunlight.net/catalog/earring_354016.html,5 500 руб. - 6 000 руб.
2024-06-05,Sunlight,3.04,17634.0,БК СЕРЬГИ,5801.0,"Цены ниже! Ещё -10%, код: НОЧЬ до 11:00",https://sunlight.net/catalog/earring_993806.html,5 500 руб. - 6 000 руб.
2024-06-05,Sunlight,2.91,17004.0,БК СЕРЬГИ,5843.0,"Цены ниже! Ещё -10%, код: НОЧЬ до 11:00",https://sunlight.net/catalog/earring_993803.html,5 500 руб. - 6 000 руб.
2024-06-05,Sunlight,4.02,23934.0,БК СЕРЬГИ,5954.0,"Цены ниже! Ещё -10%, код: НОЧЬ до 11:00",https://sunlight.net/catalog/earring_344392.html,5 500 руб. - 6 000 руб.
2024-06-05,Sunlight,2.42,13873.0,БК КОЛЬЦА,5733.0,"Цены ниже! Ещё -10%, код: НОЧЬ до 11:00",https://sunlight.net/catalog/ring_332295.html,5 500 руб. - 6 000 руб.
2024-06-05,Sunlight,0.29,2388.0,БК СЕРЬГИ,8234.0,"Цены ниже! Ещё -10%, код: НОЧЬ до 11:00",https://sunlight.net/catalog/piercing_235504.html,8 000 руб. - 9 000 руб.
2024-06-05,Sunlight,4.19,28554.0,БК ПОДВЕС ДЕКОР,6815.0,"Цены ниже! Ещё -20%, код: НОЧЬ до 11:00",https://sunlight.net/catalog/pendants_179571.html,6 500 руб. - 7 000 руб.
2024-06-05,Sunlight,2.59,20224.0,БК СЕРЬГИ,7808.0,"Цены ниже! Ещё -15%, код: НОЧЬ до 11:00",https://sunlight.net/catalog/earring_170331.html,7 000 руб. - 8 000 руб.
2024-06-05,Sunlight,1.29,9514.0,БК СЕРЬГИ,7375.0,"Цены ниже! Ещё -15%, код: НОЧЬ до 11:00",https://sunlight.net/catalog/earring_168037.html,7 000 руб. - 8 000 руб.
2024-06-05,Sunlight,1.79,13084.0,БК СЕРЬГИ,7309.0,"Цены ниже! Ещё -15%, код: НОЧЬ до 11:00",https://sunlight.net/catalog/earring_167772.html,7 000 руб. - 8 000 руб.
2024-06-05,Sunlight,1.11,7834.0,БК ПОДВЕС ДЕКОР,7058.0,"Цены ниже! Ещё -20%, код: НОЧЬ до 11:00",https://sunlight.net/catalog/pendants_167392.html,7 000 руб. - 8 000 руб.
2024-06-05,Sunlight,2.62,19629.0,БК СЕРЬГИ,7492.0,"Цены ниже! Ещё -15%, код: НОЧЬ до 11:00",https://sunlight.net/catalog/earring_997339.html,7 000 руб. - 8 000 руб.
2024-06-05,Sunlight,1.88,10704.0,БК СЕРЬГИ,5694.0,"Цены ниже! Ещё -10%, код: НОЧЬ до 11:00",https://sunlight.net/catalog/earring_994377.html,5 500 руб. - 6 000 руб.
2024-06-05,Sunlight,2.52,14446.0,БК КОЛЬЦА,5733.0,"Цены ниже! Ещё -10%, код: НОЧЬ до 11:00",https://sunlight.net/catalog/ring_349841.html,5 500 руб. - 6 000 руб.
2024-06-05,Sunlight,2.03,12594.0,БК ПОДВЕС ДЕКОР,6204.0,"Цены ниже! Ещё -10%, код: НОЧЬ до 11:00",https://sunlight.net/catalog/pendants_346545.html,6 000 руб. - 6 500 руб.
2024-06-05,Sunlight,1.51,8814.0,БК СЕРЬГИ,5837.0,"Цены ниже! Ещё -10%, код: НОЧЬ до 11:00",https://sunlight.net/catalog/earring_344954.html,5 500 руб. - 6 000 руб.
2024-06-05,Sunlight,10.95,67194.0,БК ПОДВЕС ДЕКОР,6136.0,"Цены ниже! Ещё -20%, код: НОЧЬ до 11:00",https://sunlight.net/catalog/pendants_986592.html,6 000 руб. - 6 500 руб.
2024-06-05,Sunlight,2.35,13679.0,БК СЕРЬГИ,5821.0,"Цены ниже! Ещё -15%, код: НОЧЬ до 11:00",https://sunlight.net/catalog/earring_341451.html,5 500 руб. - 6 000 руб.
2024-06-05,Sunlight,2.2,12174.0,БК КОЛЬЦА,5534.0,"Цены ниже! Ещё -15%, код: НОЧЬ до 11:00",https://sunlight.net/catalog/ring_272310.html,5 500 руб. - 6 000 руб.
2024-06-05,Sunlight,2.67,14869.0,БК СЕРЬГИ,5569.0,"Цены ниже! Ещё -15%, код: НОЧЬ до 11:00",https://sunlight.net/catalog/earring_243974.html,5 500 руб. - 6 000 руб.
2024-06-05,Sunlight,1.95,14869.0,БК СЕРЬГИ,7625.0,"Цены ниже! Ещё -15%, код: НОЧЬ до 11:00",https://sunlight.net/catalog/earring_167103.html,7 000 руб. - 8 000 руб.
2024-06-05,Sunlight,1.99,11334.0,БК СЕРЬГИ,5695.0,"Цены ниже! Ещё -10%, код: НОЧЬ до 11:00",https://sunlight.net/catalog/earring_166827.html,5 500 руб. - 6 000 руб.
2024-06-05,Sunlight,3.12,19313.0,ЦБ БРАСЛЕТЫ,6190.0,ХИТ-цена,https://sunlight.net/catalog/bracelets_993925.html,6 000 руб. - 6 500 руб.
2024-06-05,Sunlight,2.44,16374.0,БК ПОДВЕС ДЕКОР,6711.0,"Цены ниже! Ещё -10%, код: НОЧЬ до 11:00",https://sunlight.net/catalog/pendants_993695.html,6 500 руб. - 7 000 руб.
2024-06-05,Sunlight,3.63,20582.0,БК КОЛЬЦА,5670.0,"Цены ниже! Ещё -10%, код: НОЧЬ до 11:00",https://sunlight.net/catalog/ring_992462.html,5 500 руб. - 6 000 руб.
2024-06-05,Sunlight,3.08,17659.0,БК КОЛЬЦА,5733.0,"Цены ниже! Ещё -10%, код: НОЧЬ до 11:00",https://sunlight.net/catalog/ring_984460.html,5 500 руб. - 6 000 руб.
2024-06-05,Sunlight,1.85,10347.0,БК КОЛЬЦА,5593.0,"Цены ниже! Ещё -15%, код: НОЧЬ до 11:00",https://sunlight.net/catalog/ring_335804.html,5 500 руб. - 6 000 руб.
2024-06-05,Sunlight,2.74,18193.0,БК СЕРЬГИ,6640.0,"Цены ниже! Ещё -5%, код: НОЧЬ до 11:00",https://sunlight.net/catalog/earring_329513.html,6 500 руб. - 7 000 руб.
2024-06-05,Sunlight,0.94,6994.0,БК ПОДВЕС ДЕКОР,7440.0,"Цены ниже! Ещё -20%, код: НОЧЬ до 11:00",https://sunlight.net/catalog/pendants_242656.html,7 000 руб. - 8 000 руб.
2024-06-05,Sunlight,1.47,8152.0,БК КОЛЬЦА,5546.0,"Цены ниже! Ещё -10%, код: НОЧЬ до 11:00",https://sunlight.net/catalog/ring_348322.html,5 500 руб. - 6 000 руб.
2024-06-05,Sunlight,4.14,23794.0,БК СЕРЬГИ,5747.0,"Цены ниже! Ещё -15%, код: НОЧЬ до 11:00",https://sunlight.net/catalog/earring_346684.html,5 500 руб. - 6 000 руб.
2024-06-05,Sunlight,1.76,12314.0,БК СЕРЬГИ,6997.0,"Цены ниже! Ещё -20%, код: НОЧЬ до 11:00",https://sunlight.net/catalog/earring_344951.html,6 500 руб. - 7 000 руб.
2024-06-05,Sunlight,2.67,16374.0,БК СЕРЬГИ,6133.0,"Цены ниже! Ещё -10%, код: НОЧЬ до 11:00",https://sunlight.net/catalog/earring_343550.html,6 000 руб. - 6 500 руб.
2024-06-05,Sunlight,1.8,10074.0,БК СЕРЬГИ,5597.0,"Цены ниже! Ещё -10%, код: НОЧЬ до 11:00",https://sunlight.net/catalog/earring_336067.html,5 500 руб. - 6 000 руб.
2024-06-05,Sunlight,2.8,17493.0,БК СЕРЬГИ,6248.0,"Цены ниже! Ещё -5%, код: НОЧЬ до 11:00",https://sunlight.net/catalog/earring_329537.html,6 000 руб. - 6 500 руб.
2024-06-05,Sunlight,3.62,21777.0,БК КОЛЬЦА ОБРУЧ,6016.0,"Цены ниже! Ещё -15%, код: НОЧЬ до 11:00",https://sunlight.net/catalog/ring_328985.html,6 000 руб. - 6 500 руб.
2024-06-05,Sunlight,1.28,7432.0,БК СЕРЬГИ,5806.0,"Цены ниже! Ещё -15%, код: НОЧЬ до 11:00",https://sunlight.net/catalog/earring_304117.html,5 500 руб. - 6 000 руб.
2024-06-05,Sunlight,0.85,6154.0,БК ПОДВЕС ДЕКОР,7240.0,"Цены ниже! Ещё -20%, код: НОЧЬ до 11:00",https://sunlight.net/catalog/pendants_272930.html,7 000 руб. - 8 000 руб.
2024-06-05,Sunlight,2.83,16374.0,БК СЕРЬГИ,5786.0,"Цены ниже! Ещё -10%, код: НОЧЬ до 11:00",https://sunlight.net/catalog/earring_271436.html,5 500 руб. - 6 000 руб.
2024-06-05,Sunlight,0.96,5647.0,БК СЕРЬГИ,5882.0,"Цены ниже! Ещё -15%, код: НОЧЬ до 11:00",https://sunlight.net/catalog/earring_267531.html,5 500 руб. - 6 000 руб.
2024-06-05,Sunlight,3.92,22674.0,БК СЕРЬГИ,5784.0,"Цены ниже! Ещё -10%, код: НОЧЬ до 11:00",https://sunlight.net/catalog/earring_244034.html,5 500 руб. - 6 000 руб.
2024-06-05,Sunlight,0.94,5349.0,БК ПОДВЕС ДЕКОР,5690.0,"Цены ниже! Ещё -10%, код: НОЧЬ до 11:00",https://sunlight.net/catalog/pendants_242712.html,5 500 руб. - 6 000 руб.
2024-06-05,Sunlight,1.77,10704.0,БК ПОДВЕС ДЕКОР,6047.0,"Цены ниже! Ещё -10%, код: НОЧЬ до 11:00",https://sunlight.net/catalog/pendants_167673.html,6 000 руб. - 6 500 руб.
